@string
{
    PPOPP       = {ACM SIGPLAN Symposium on Principles and Practice on Parallel Programming}
}

@string
{
    SPAA        = {ACM Symposium on Parallel Algorithms and Architectures}
}


@inproceedings
{
                  Romein:06,
    author      = {J. W. Romein and P. C. Broekema and E. van Meijeren and {K. van der} Schaaf and W. H. Zwart},
    title       = {{Astronomical Real-Time Streaing Signal Processing on a Blue Gene/L Supercomputer}},
    booktitle   = SPAA,
    address     = {Cambridge, MA},
    month       = {July},
    year        = {2006}
}

@inproceedings
{
                  Iskra:08,
    author	= {K. Iskra and J. W. Romein and K. Yoshii and P. Beckman},
    title	= {{ZOID: I/O-Forwarding Infrastructure for Petascale Architectures}},
    booktitle	= PPOPP,
    address	= {Salt Lake City, UT},
    month	= {February},
    year	= {2008}
}
