@string
{
  ADASS06     = {Astromical Data Analysis Software and Systems XVI}
}

@string
{
  ADASS07     = {Astromical Data Analysis Software and Systems XVII}
}

@inproceedings
{
              Nijboer:07,
  author    = {R. J. Nijboer and J. E. Noordam},
  title     = {{LOFAR Calibration}},
  booktitle = ADASS06,
  series    = {ASP Conference Series},
  editor    = {Richard A. Shaw and Frank Hill and David J. Bell},
  volume    = {376},
  pages     = {237 - 240},
  year      = {2007}
}

@inproceedings
{
              Loose:08,
  author    = {G. M. Loose},
  title     = {{LOFAR Self-Calibration using a Blackboard Software architecture}},
  booktitle = ADASS07,
  series    = {ASP Conference Series},
  editor    = {J. Lewis and R. Argyle and P. Bunclarck and D. Evans and E. Gonzales-Solares},
  year      = {2008},
  note      = {in press}
}

@inproceedings
{
              Diepen:08,
  author    = {G. van Diepen},
  title     = {{Distributed processing of future radio astronomical observations}},
  booktitle = ADASS07,
  series    = {ASP Conference Series},
  editor    = {J. Lewis and R. Argyle and P. Bunclarck and D. Evans and E. Gonzales-Solares},
  year      = {2008},
  note      = {in press}
}

@inproceedings
{
               Veen1:04,
  author    = {A. J. van der Veen and A. Leshem and A. J. Boonstra},
  title     = {{Signal processing for radio astronomical arrays}},
  booktitle = {Sensor Array and Multichannel (SAM) technical committee on the IEEE Signal Processing Society},
  address   = {Sitges, Barcelona, Spain},
  month     = {July},
  year      = {2004}
}

@article
{
               Veen2:04,
  author    = {A. J. van der Veen and A. Leshem and A. J. Boonstra},
  title     = {{Array signal processing for radio astronomy}},
  journal   = {Experimental Astronomy},
  volume    = {17},
  month     = {June},
  year      = {2004}
}

@inproceedings
{
               Boonstra:05,
  author    = {A. J. Boonstra and S. J. Wijnholds and S. van der Tol and B. Jeffs},
  title     = {{Calibration, Sensitivity and RFI mitigation Requirements for LOFAR}},
  booktitle = {IEEE International Conference on Acoustics, Speech and Signal Processing (ICASSP)},
  month        = {March},   
  year         = {2005},   
  pages        = {V-869-872},   
  publisher    = {IEEE},   
  address      = {Philadelphia (PA)}
}

@inproceedings
{
              Renting:07,
  author    = {G. A. Renting and R. J. Nijboer},
  title     = {{LOFAR Core Station 1 Imaging Pipeline: The LOFAR Prototype Data Processing Pipeline}},
  booktitle = ADASS06,
  series    = {ASP Conference Series},
  editor    = {Richard A. Shaw and Frank Hill and David J. Bell},
  volume    = {376},
  pages     = {233 - 236},
  year      = {2007}
}

@article
{
              Hamaker:96,
  author    = {J. P. Hamaker and J. D. Bregman and R. J. Sault},
  title     = {{Understanding radio polarimetry. I. Mathematical foundations.}},
  journal   = {Astron. Astrophys. Suppl. Ser.},
  volume    = {117},
  pages     = {137 - 147},
  month     = {May},
  year      = {1996}
}

@article
{
              Tol:07,
  author    = {S. van der Tol and B. Jeffs and A.J. van der Veen},   
  title     = {{Self Calibration for the {LOFAR} Radio Astronomical Array}},
  journal   = {IEEE Tr. Signal Processing},   
  month     = {September},   
  year      = {2007},   
  pages     = {4497-4510},   
  volume    = {55},   
  number    = {9}
}

@proceedings
{
              SIRAII:99,
  editor    = {G. B. Taylor and C. L. Carilli and R.A. Perley},
  title     = {Synthesis Imaging in Radio Astronomy II},
  series    = {ASP Conference Series},
  volume    = {180},
  year      = {1999}
}

@inproceedings
{
              Noordam:04,
  author    = {J. E. Noordam},
  title     = {{LOFAR calibration challenges}},
  booktitle = {Proceedings of the SPIE},
  volume    = {5489},
  pages     = {817 - 825},
  month     = {October},
  year      = {2004}
}