@techreport{CobaltRequirements2013,
  author = {{Broekema}, Chris and {Mol}, Jan David and {Nijboer}, Ronald},
  title  = {COBALT requirements and specifications},
  year   = 2013,
  month  = Feb,
  institution = {Astron}}

@techreport{CobaltHardwareDesign2013,
  author = {{Broekema}, Chris},
  title  = {COBALT top level hardware design},
  year   = 2013,
  month  = Feb,
  institution = {Astron}}

@techreport{CobaltSoftwareDesign2013,
  author = {{Mol}, Jan David},
  title  = {COBALT top-level software design},
  year   = 2013,
  month  = Feb,
  institution = {Astron}}
