@Book{Buschmann1996,
  author      = "Frank Buschmann and Regine Meunier and Hans Rohnert and Peter Sommerlad and Michael Stal",
  title       = "Pattern-Oriented Software Architecture, Volume 1: A System of Patterns",
  publisher   = "{John Wiley \& Sons, Ltd.}",
  year        = 1996
}

@Techreport{LOFAR-ASTRON-ADD-012,
  author      = "Kjeld van der Schaaf",
  title       = "{LOFAR} Central Processing Facility; Architecture Description",
  institution = "ASTRON",
  year        = "2005",
  note        = "LOFAR-ASTRON-ADD-012"
}

@Techreport{LOFAR-ASTRON-SDD-002,
  author      = "Kjeld van der Schaaf",
  title       = "Requirements Analysis and Architectural Design of the BlackBoard Selfcal Application",
  institution = "ASTRON",
  year        = "2005",
  note        = "LOFAR-ASTRON-SDD-002"
}

@Techreport{LOFAR-ASTRON-SDD-053,
  author      = "G.M. Loose and J. van Zwieten",
  title       = "BlackBoard SelfCal ({BBS}); Software Design Document",
  institution = "ASTRON",
  year        = "2006",
  note        = "LOFAR-ASTRON-SDD-053"
}
