/home/romein/papers/references.bib