@string
{
  ADASS04     = {Astromical Data Analysis Software and Systems XIV}
}

@string
{
  ADASS06     = {Astromical Data Analysis Software and Systems XVI}
}

@string
{
  ADASS07     = {Astromical Data Analysis Software and Systems XVII}
}

@inproceedings
{
              Nijboer:07,
  author    = {R. J. Nijboer and J. E. Noordam},
  title     = {{LOFAR Calibration}},
  booktitle = ADASS06,
  series    = {ASP Conference Series},
  editor    = {Richard A. Shaw and Frank Hill and David J. Bell},
  volume    = {376},
  pages     = {237 - 240},
  year      = {2007}
}

@inproceedings
{
              Loose:08,
  author    = {G. M. Loose},
  title     = {{LOFAR Self-Calibration using a Blackboard Software Architecture}},
  booktitle = ADASS07,
  series    = {ASP Conference Series},
  editor    = {J. Lewis and R. Argyle and P. Bunclarck and D. Evans and E. Gonzales-Solares},
  year      = {2008},
  note      = {in press}
}

@inproceedings
{
              Diepen:08,
  author    = {G. van Diepen},
  title     = {{Distributed Processing of Future Radio Astronomical Observations}},
  booktitle = ADASS07,
  series    = {ASP Conference Series},
  editor    = {J. Lewis and R. Argyle and P. Bunclarck and D. Evans and E. Gonzales-Solares},
  year      = {2008},
  note      = {in press}
}

@inproceedings
{
               Veen1:04,
  author    = {A. J. van der Veen and A. Leshem and A. J. Boonstra},
  title     = {{Signal Processing for Radio Astronomical Arrays}},
  booktitle = {Sensor Array and Multichannel (SAM) technical committee on the IEEE Signal Processing Society},
  address   = {Sitges, Barcelona, Spain},
  month     = {July},
  year      = {2004}
}

@article
{
               Veen2:04,
  author    = {A. J. van der Veen and A. Leshem and A. J. Boonstra},
  title     = {{Array Signal Processing for Radio Astronomy}},
  journal   = {Experimental Astronomy},
  volume    = {17},
  month     = {June},
  year      = {2004}
}

@inproceedings
{
               Boonstra:05,
  author    = {A. J. Boonstra and S. J. Wijnholds and S. van der Tol and B. Jeffs},
  title     = {{Calibration, Sensitivity and RFI Mitigation Requirements for LOFAR}},
  booktitle = {IEEE International Conference on Acoustics, Speech and Signal Processing (ICASSP)},
  month        = {March},   
  year         = {2005},   
  pages        = {V-869-872},   
  publisher    = {IEEE},   
  address      = {Philadelphia (PA)}
}

@inproceedings
{
              Renting:07,
  author    = {G. A. Renting and R. J. Nijboer},
  title     = {{LOFAR Core Station 1 Imaging Pipeline: The LOFAR Prototype Data Processing Pipeline}},
  booktitle = ADASS06,
  series    = {ASP Conference Series},
  editor    = {Richard A. Shaw and Frank Hill and David J. Bell},
  volume    = {376},
  pages     = {233 - 236},
  year      = {2007}
}

@article
{
              Hamaker:96,
  author    = {J. P. Hamaker and J. D. Bregman and R. J. Sault},
  title     = {{Understanding Radio Polarimetry. I. Mathematical Foundations.}},
  journal   = {Astron. Astrophys. Suppl. Ser.},
  volume    = {117},
  pages     = {137 - 147},
  month     = {May},
  year      = {1996}
}

@article
{
              Tol:07,
  author    = {S. van der Tol and B. Jeffs and A.J. van der Veen},   
  title     = {{Self Calibration for the {LOFAR} Radio Astronomical Array}},
  journal   = {IEEE Tr. Signal Processing},   
  month     = {September},   
  year      = {2007},   
  pages     = {4497-4510},   
  volume    = {55},   
  number    = {9}
}

@proceedings
{
              SIRAII:99,
  editor    = {G. B. Taylor and C. L. Carilli and R.A. Perley},
  title     = {{Synthesis Imaging in Radio Astronomy II}},
  series    = {ASP Conference Series},
  volume    = {180},
  year      = {1999}
}

@inproceedings
{
              Noordam:04,
  author    = {J. E. Noordam},
  title     = {{LOFAR Calibration Challenges}},
  booktitle = {Proceedings of the SPIE},
  volume    = {5489},
  pages     = {817 - 825},
  month     = {October},
  year      = {2004}
}

@inproceedings
{
              Cornwell:05,
  author    = {T. J. Cornwell and K. Golap and S. Bhatnagar},
  title     = {{W projection: A New Algorithm for Wide Field Imaging with Radio Synthesis Arrays}},
  booktitle = ADASS04,
  series    = {ASP Conference Series},
  editor    = {P. L. Shopbell and M. C. Britton and R. Ebert},
  volume    = {347},
  pages     = {86 - 90},
  year      = {2005}
}

@inproceedings{
               Tol:05,
  author    = {S. van der Tol and B.D. Jeffs and A.J. van der Veen},   
  title     = {{Calibration of a Large Distributed Low Frequency Radio Astronomical Array (LOFAR)}},  
  booktitle = {Proc. of the European Signal Processing Conference (EUSIPCO 2005)},   
  month     = {September},   
  year      = {2005},   
  address   = {Antalya, Turkey}
}

@inproceedings{
               Tol2:07,   
  author    = {S. van der Tol and A.J. van der Veen},   
  title     = {{Ionospheric Calibration for the {LOFAR} Radio Telescope}},   
  booktitle = {Proc. IEEE Int. Symp. Signals, Circuits, Systems},   
  month     = {July},   
  year      = {2007},   
  pages     = {457-460},   
  publisher = {IEEE},   
  address   = {Iasi (RO)},  
  note      = {{ISBN} 1-4244-0968-3}
}

@techreport{
              Noordam:06,
  author    = {J. E. Noordam},
  title     = {{LOFAR Calibration Framework}},
  institution = {{ASTRON}},
  number    = {LOFAR-ASTRON-ADD-015},
  year      = {2006}
}

@techreport{
              Yatawatta:08,
  author    = {S. B. Yatawatta},
  title     = {{LOFAR Beamshapes and their use in Calibration and Imaging}},
  institution = {{ASTRON}},
  note      = {in preparation}
}