@string
{
    AAAI	= {AAAI National Conference}
}

@string
{
    ACM		= {ACM Annual Conference}
}

@string
{
    ACMCS	= {ACM Computing Surveys}
}

@string
{
    ADASS	= {Astronomical Data Analysis Software and Systems}
}

@string
{
    AI		= {Artificial Intelligence}
}

@string
{
    AIM		= {AI Magazine}
}

@string
{
    ACC		= {Advances in Computer Chess}
}

@string
{
    ASP   	= {Astronomical Society of the Pacific}
}


@string
{
    ASPLOS	= {Architectural Support for Programming Languages and Operating Systems}
}

@string
{
    BIOINF	= {Bioinformatics}
}

@string
{
    CABIOS	= {Computer Applications in the Biosciences}
}

@string
{
    CACM	= {Communications of the ACM}
}

@string
{
    CCAI	= {Canadian Conference on Artificial Intelligence}
}

@string
{
    CCGRID	= {IEEE International Symposium on Cluster Computing and the Grid (CCGRID)}
}

@string
{
    CI		= {Computational Intelligence}
}

@string
{
    COMPUTER	= {IEEE Computer}
}

@string
{
    COSB	= {Current Opinion in Structural Biology}
}

@string
{
    DC		= {Distributed Computing}
}

@string
{
    HPCA	= {International Symposium On High Performance Computer Architecture}
}

@string
{
    HPDC	= {International Symposium on High Performance Distributed Computing}
}

@string
{
    ICCA	= {Journal of the International Computer Chess Association}
}

@string
{
    ICGA	= {Journal of the International Computer Games Association}
}

@string
{
    ICDCS	= {International Conference on Distributed Computing Systems}
}

@string
{
    ICPP	= {International Conference on Parallel Processing}
}

@string
{
    ICS		= {ACM International Conference on Supercomputing}
}

@string
{
    ICSPC	= {IEEE International Conference on Signal Processing and Communications}
}

@string
{
    IEEE	= {Proceedings of the IEEE}
}

@string
{
    IJCAI	= {International Joint Conference on Artificial Intelligence}
}

@string
{
    IJIS	= {International Journal of Intelligent Systems}
}

@string
{
    IJRD	= {IBM Journal of Research and Development}
}

@string
{
    IPL		= {Information Processing Letters}
}

@string
{
    IPPS	= {International Parallel Processing Symposium}
}

@string
{
    IS		= {Information Sciences}
}

@string
{
    ISCA	= {International Symposium on Computer Architecture}
}

@string
{
    JPDC	= {Journal of Parallel and Distributed Computing}
}

@string
{
    JMB		= {Journal of Molecular Biology}
}

@string
{
    LFU		= {The Low-Frequency Universe}
}

@string
{
    LNCS	= {Lecture Notes in Computer Science}
}

@string
{
    MICRO	= {IEEE Micro}
}

@string
{
    NAR		= {Nucleic Acids Research}
}

@string
{
    NRC		= {NRC Handelsblad}
}

@string
{
    OSDI	= {Operating System Design and Implementation}
}

@string
{
    PAMI	= {IEEE Transactions on Pattern Analysis and Machine Intelligence}
}

@string
{
    PAMIV	= {Parallel Algorithms for Machine Intelligence and Vision}
}

@string
{
    PDC		= {Principles of Distributed Computing}
}

@string
{
    PDPTA	= {Parallel and Distributed Processing Techniques and Applications}
}

@string
{
    PLDI	= {ACM SIGPLAN Conference on Programming Language Design and Implementation}
}

@string
{
    PPOPP	= {ACM SIGPLAN Symposium on Principles and Practice on Parallel Programming}
}

@string
{
    PSFG	= {Proteins: Structure, Function, and Genetics}
}

@string
{
    SC		= {SuperComputing}
}

@string
{
    SOSP	= {Symposium on Operating System Principles}
}

@string
{
    SPAA	= {ACM Symposium on Parallel Algorithms and Architectures}
}

@string
{
    SPE		= {Software --- Practice and Experience}
}

@string
{
    SPDP	= {Symposium on Parallel and Distributed Processing}
}

@string
{
    TIBS	= {Trends in Biochemical Sciences}
}

@string
{
    TOCS	= {ACM Transactions on Computer Systems}
}

@string
{
    TOPLAS	= {ACM Transactions on Programming Languages and Systems}
}

@string
{
    TPDS	= {IEEE Transactions on Parallel and Distributed Systems}
}

@string
{
    VK		= {De Volkskrant}
}


@book
{
		  Aho:86,
    title	= {{Compilers: Principles, Techniques, and Tools}},
    author	= {A.V. Aho and R. Sethi and J.D. Ullman},
    isbn	= {0-201-10088-6},
    publisher	= {Addison-Wesley},
    year	= {1986}
}

@inproceedings
{
		  Akl:77,
    title	= {{The Principal Continuation and the Killer Heuristic}},
    author	= {S.G. Akl and M.M. Newborn},
    booktitle	= ACM,
    pages	= {466--473},
    year	= {1977}
}

@inproceedings
{
		  Alexandrov:95,
    title	= {{LogGP: Incorporating Long Messages into the LogP Model --- One Step Closer Towards a Realistic Model for Parallel Computation}},
    author	= {A. Alexandrov and M.F. Ionescu and K.E. Schauser and C. Scheiman},
    booktitle	= SPAA # { (SPAA'95)},
    pages	= {95--105},
    year	= {1995}
}
    
@incollection
{
		  Allen:89,
    title	= {{A Note on the Computer Solution of Connect-Four}},
    author	= {J.D. Allen},
    booktitle	= {Heuristic Programming in Artificial Intelligence 1: the First Computer Olympiad},
    editor	= {D.N.L. Levy and D.F. Beal},
    pages	= {134--135},
    publisher	= {Ellis Horwood},
    address	= {Chichester, England},
    year	= {1989}
}

@incollection
{
		  Allis:91,
    title	= {{Databases in Awari}},
    author	= {L.V. Allis and M. van der Meulen and H.J. van den Herik},
    booktitle	= {Heuristic Programming in Artificial Intelligence 2: the Second Computer Olympiad},
    editor	= {D.N.L. Levy and D.F. Beal},
    pages	= {73--86},
    publisher	= {Ellis Horwood},
    address	= {Chichester, England},
    year	= {1991}
}
    
@phdthesis
{
		  Allis:94,
    title	= {{Searching for Solutions in Games and Artificial Intelligence}},
    author	= {L.V. Allis},
    school	= {University of Limburg},
    address	= {Maastricht, the Netherlands},
    month	= {September},
    year	= {1994}
}

@article
{
		  Allis:94b,
    title	= {{Proof-Number Search}},
    author	= {L.V. Allis and {M. van der} Meulen and {H.J. van den} Herik},
    journal	= AI,
    volume	= {66},
    number	= {1},
    pages	= {91--124},
    year	= {1994}
}

@inproceedings
{
		  Altmann:88,
    title	= {{Accounting for Parallel Tree Search Overheads}},
    author	= {E. Altmann and T.A. Marsland and T. Breitkreutz},
    booktitle	= ICPP,
    volume	= {III, Algorithms and Applications},
    pages	= {198--201},
    address	= {University Park, Penn.},
    month	= {August},
    year	= {1988}
}

@article
{
		  Aluru:03,
    title	= {{Parallel Biological Sequence Comparison using Prefix Computations}},
    author	= {S. Aluru and N. Futamura and K. Mehrotra},
    journal	= JPDC,
    volume	= {63},
    pages	= {264--272},
    year	= {2003}
}

@article
{
		  Andrews:91,
    title	= {{Paradigms for Process Interaction in Distributed Programs}},
    author	= {G.R. Andrews},
    journal	= ACMCS,
    volume	= {23},
    number	= {1},
    pages	= {49--90},
    month	= {March},
    year	= {1991}
}

@article
{
		  Anantharaman:90,
    title	= {{Singular Extensions: Adding Selectivity to Brute-Force Searching}},
    author	= {T.S. Anantharaman and M.S. Campbell and F.H. Hsu},
    journal	= AI,
    volume	= {43},
    number	= {1},
    pages	= {99--109},
    year	= {1990}
}

@inproceedings
{
		  August:98,
    title	= {{Integrated Predicated and Speculative Execution in the IMPACT EPIC Architecture}},
    author	= {D.I. August and D.A. Connors and S.A. Mahlke and J.W. Sias and K.M. Crozier and B.-C. Cheng and P.R. Eaton and Q.B. Olaniran and W.-m.W. Hwu},
    booktitle	= ISCA,
    pages	= {227-237},
    month	= {July},
    year	= {1998},
}

@article
{
		  Bal:86,
    title	= {{A Summary of Parallel Alpha-Beta Search Results}},
    author	= {H.E. Bal and {R. van} Renesse},
    journal	= ICCA,
    volume	= {9},
    number	= {3},
    pages	= {146--149},
    month	= {September},
    year	= {1986}
}

@article
{
		  Bal:89,
    title	= {{Programming Languages for Distributed Computing Systems}},
    author	= {H.E. Bal and J.G. Steiner and A.S. Tanenbaum},
    journal	= ACMCS,
    volume	= {21},
    number	= {3},
    pages	= {261--322},
    month	= {September},
    year	= {1989}
}

@inproceedings
{
		  Bal:95,
    title	= {{Parallel Retrograde Analysis on a Distributed System}},
    author	= {H.E. Bal and L.V. Allis},
    booktitle	= SC # { '95},
    address	= {San Diego, CA},
    month	= {December},
    year	= {1995}
}

@techreport
{
		  Bal:96,
    title	= {{Orca: a Portable User-Level Shared Object System}},
    author	= {H.E. Bal et al},
    institution	= {Dept. of Mathematics and Computer Science, Vrije Universiteit, Amsterdam},

    number	= {IR-408},
    month	= {July},
    year	= {1996}
}

@article
{
		  Bal:98,
    title	= {{Performance Evaluation of the Orca Shared Object System}},
    author	= {H.E. Bal and R. Bhoedjang and R. Hofman and C. Jacobs and K. Langendoen and T. R\"{u}hl and M.F. Kaashoek},
    journal	= TOCS,
    volume	= {16},
    number	= {1},
    pages	= {1--40},
    month	= {February},
    year	= {1998}
}

@article
{
		  Bare:67,
    title	= {{Interferometer Experiment with Independent Local Oscillators}},
    author	= {C. Bare and B. Clark and K. Kellermann and M. Cohen and D. Jauncey},
    journal	= {Science},
    volume	= {157},
    number	= {3785},
    pages	= {189--191},
    month	= {July},
    year	= {1967}
}

@article
{
		  Beal:95,
    title	= {{Multiple Probes of Transposition Tables}},
    author	= {D.F. Beal and M.C. Smith},
    journal	= ICCA,
    volume	= {19},
    number	= {4},
    pages	= {227--233},
    month	= {December},
    year	= {1995}
}

@incollection
{
		  Beal:89,
    title	= {{Experiments with the Null-Move}},
    author	= {D.F. Beal},
    booktitle	= ACC # { 5},
    editor	= {D.F. Beal},
    publisher	= {Elsevier Science Publishers},
    pages	= {65--79},
    address	= {Amsterdam},
    year	= {1989}
}

@article
{
		  Beal:90,
    title	= {{A Generalized Quiescence Search Algorithm}},
    author	= {D.F. Beal},
    journal	= AI,
    volume	= {43},
    number	= {1},
    pages	= {85--98},
    year	= {1990}
}

@inproceedings
{
		  Berliner:73,
    title	= {{Some Necessary Conditions for a Master Chess Program}},
    author	= {H.J. Berliner},
    booktitle	= IJCAI,
    address	= {Stanford, MA},
    pages	= {77--85},
    year	= {1973}
}

@article
{
		  Bhoedjang:93,
    title	= {{Panda: A Portable Platform to Support Parallel Programming Languages}},
    author	= {R.A.F. Bhoedjang and T. R\"{u}hl and R. Hofman and K. Langendoen and H.E. Bal and M.F. Kaashoek},
    journal	= {Symposium on Experiences with Distributed and Multiprocessor Systems},
    address	= {San Diego},
    pages	= {213--226},
    month	= {September},
    year	= {1993}
}

@inproceedings
{
		  Bhoedjang:98,
    title	= {{Optimizing Distributed Data Structures Using Application-Specific Network Interface Software}},
    author	= {R.A.F. Bhoedjang and J.W. Romein and H.E. Bal},
    booktitle	= ICPP,
    address	= {Minneapolis, MN},
    pages	= {485--492},
    month	= {August},
    year	= {1998}
}

@inproceedings
{
		  Bhoedjang:98b,
    title	= {{Efficient Multicast On Myrinet Using Link-Level Flow Control}},
    author	= {R.A.F. Bhoedjang and T. R\"{u}hl and H.E. Bal},
    booktitle	= ICPP,
    address	= {Minneapolis, MN},
    pages	= {381--390},
    month	= {August},
    year	= {1998}
}

@phdthesis
{
		  Bhoedjang:00,
    title	= {{Communication Architectures for Parallel-Programming Systems}},
    author	= {R.A.F. Bhoedjang},
    school	= {Vrije Universiteit},
    address	= {Amsterdam, the Netherlands},
    month	= {June},
    year	= {2000}
}

@inproceedings
{
		  Bhoedjang:00b,
    title	= {{Evaluating Design Alternatives for Reliable Communication on High-Speed Networks}},
    author	= {R.A.F. Bhoedjang and K. Verstoep and T. Ruhl and H.E. Bal and R.F.H. Hofman},
    booktitle	= ASPLOS,
    address	= {Cambridge, MA},
    month	= {November},
    year	= {2000}
}

@inproceedings
{
		  Blumofe:95,
    title	= {{Cilk: An Efficient Multithreaded Runtime System}},
    author	= {R.D. Blumofe and C.F. Joerg and B.C. Kuszmaul and C.E. Leiserson and K.H. Randall and Y. Zhou},
    booktitle	= PPOPP,
    pages	= {207--216},
    address	= {Santa Barbara, CA},
    month	= {July},
    year	= {1995}
}

@inproceedings
{
		  Blumofe:96,
    title	= {{Dag-Consistent Distributed Shared Memory}},
    author	= {R.D. Blumofe and M. Frigo and C.F. Joerg and C.E. Leiserson and K.H. Randall},
    booktitle	= IPPS,
    pages	= {132--141},
    address	= {Honolulu, Hawaii},
    month	= {April},
    year	= {1996}
}

@article
{
		  Boden:95,
    author	= {N.J. Boden and D. Cohen and R.E. Felderman and A.E. Kulawik and C.L. Seitz and J.N. Seizovic and W. Su},
    title	= {{Myrinet: A Gigabit-per-second Local Area Network}},
    journal	= {IEEE Micro},
    volume	= {15},
    number	= {1},
    pages	= {29--36},
    month	= {February},
    year	= {1995}
}

@inproceedings
{
		  Bonacina:97,
    title	= {{The Clause-Diffusion Theorem Prover Peers-mcd}},
    author	= {M.P. Bonacina},
    booktitle	= {Proceedings of the 14th CADE (LNAI 1249)},
    editor	= {W. McCune},
    publisher	= {Springer-Verlag},
    pages	= {53--56},
    month	= {July},
    year	= {1997}
}

@mastersthesis
{
		  Boonstoppel:08,
    title	= {{Semi-Transparent Dual-Processing on Blue Gene/L I/O~Nodes}},
    author	= {P. Boonstoppel},
    school	= {Dept. of Mathematics and Computer Science, Vrije Universiteit, Amsterdam},
    month	= {May},
    year	= {2008}
}

@incollection
{
		  Bratko:82,
    title	= {{A Test for Comparison of Human and Computer Performance}},
    author	= {I. Bratko and D. Kopec},
    booktitle	= ACC # { 3},
    editor	= {M.R.B. Clarke},
    publisher	= {Pergamon Press, Oxford},
    pages	= {31--56},
    year	= {1982}
}

@article
{
		  Breuker:96,
    title	= {{Replacement Schemes and Two-Level Tables}},
    author	= {D.M. Breuker and J.W.H.M. Uiter\-wijk and {H.J. van den} Herik},
    journal	= ICCA,
    volume	= {19},
    number	= {3},
    pages	= {175--180},
    month	= {September},
    year	= {1996}
}

@inproceedings
{
		  Breuker:98,
    title	= {{A Solution for the GHI Problem for Best-First Search}},
    author	= {D.M. Breuker and {H.J. van den} Herik and J.W.H. M Uiter\-wijk and L.V. Allis},
    booktitle	= {Computers and Games},
    series	= LNCS,
    volume	= {1558},
    editor	= {{H.J. van den} Herik and Hiroyuki Iida},
    pages	= {25--49},
    month	= {November},
    year	= {1998}
}

@phdthesis
{
		  Breuker:98b,
    title	= {{Memory versus Search in Games}},
    author	= {D.M. Breuker},
    school	= {Universiteit Maastricht},
    address	= {the Netherlands},
    isbn	= {90-9012006-8},
    year	= {1998}
}

@inproceedings
{
		  Brockington:96,
    title	= {{The APHID Parallel Alpha-Beta Search Algorithm}},
    author	= {M.G. Brockington and J. Schaeffer},
    booktitle	= SPDP,
    address	= {New Orleans},
    pages	= {432--436},
    month	= {October},
    year	= {1996}
}

@article
{
		  Brockington:96b,
    title	= {{A Taxonomy Of Parallel Game-Tree Search Algorithms}},
    author	= {M.G. Brockington},
    journal	= ICCA,
    volume	= {19},
    number	= {3},
    pages	= {162--174},
    month	= {September},
    year	= {1996}
}

@incollection
{
		  Brockington:97,
    title	= {{APHID Game-Tree Search}},
    author	= {M.G. Brockington and J. Schaeffer},
    booktitle	= ACC # { 8},
    editor	= {{H.J. van den} Herik and J. Uiter\-wijk},
    publisher	= {Universiteit Maastricht},
    address	= {the Netherlands},
    pages	= {69--91},
    year	= {1997}
}

@phdthesis
{
		  Brockington:98,
    title	= {{Asynchronous Parallel Game-Tree Search}},
    author	= {M.G. Brockington},
    school	= {University of Alberta},
    address	= {Edmonton, Alberta, Canada},
    month	= {November},
    year	= {1997}
}

@article
{
		  Brockington:00,
    title	= {{Computer Chess meets Planning}},
    author	= {M.G. Brockington},
    journal	= ICGA,
    volume	= {23},
    number	= {2},
    pages	= {85--93},
    month	= {June},
    year	= {2000}
}

@misc
{
		  Bruyn:02,
    title	= {{Exploring the Universe with the Low Frequency Array, A Scientific Case}},
    author	= {A.G. de Bruyn and others},
    note	= {http://www.lofar.org/PDF/NL-CASE-1.0.pdf},
    month	= {September},
    year	= {2002}
}
    author	= {A.G. de Bruyn and R.P. Fender and J.M.E. Kuijpers and G.K. Miley and R. Ramachandran and H.J.A. R\"ottgering and B.W. Stappers and {M.A.M. van de} Weygaert and {M.P. van} Haarlem},

@phdthesis
{
		  Buro:94,
    title	= {{Techniken f\"ur die Bewertung von Spielsituationen anhand von Beispielen}},
    author	= {M. Buro},
    school	= {Universit\"at--GH--Paderborn},
    address	= {Paderborn, Germany},
    note	= {In German.},
    month	= {December},
    year	= {1994}
}
    
@article
{
		  Buro:97,
    title	= {{The Othello Match of the Year: Takeshi Murakami vs. Logistello}},
    author	= {M. Buro},
    journal	= ICCA,
    volume	= {20},
    number	= {3},
    pages	= {189--193},
    month	= {September},
    year	= {1997}
}

@article
{
		  Butcher:04,
    title	= {{LOFAR: First of a New Generation of Radio Telescopes}},
    author	= {H.R. Butcher},
    journal	= {Proceedings of the SPIE},
    volume	= {5489},
    pages	= {537--544},
    month	= {October},
    year	= {2004}
}

@inproceedings
{
		  Buzzard:96,
    title	= {{An Implementation of the Hamlyn Sender-managed Interface Architecture}},
    author	= {G. Buzzard and D. Jacobson and M. MacKey and S. Marovich and J. Wilkes},
    booktitle	= OSDI,
    pages	= {245--259},
    address	= {Seattle, WA},
    month	= {October},
    year	= {1996}
}

@article
{
		  Calmthout:02,
    title	= {{Gigabytes in de kuiltjes}},
    author	= {{M. van} Calmthout},
    journal	= VK,
    month	= {August 17,},
    year	= {2002},
    note	= {(in Dutch)}
}

@article
{
		  Ciancarini:94,
    title	= {{Distributed Searches: A Basis for Comparison}},
    author	= {P. Ciancarini},
    journal	= ICCA,
    volume	= {17},
    number	= {4},
    pages	= {194--206},
    month	= {December},
    year	= {1994}
}

@manual
{
		  Cilk:96,
    title	= {{Cilk-4.1 (Beta 1) Reference Manual}},
    organization= {Supercomputing Technologies Group, MIT Laboratory for Computer Science},
    month	= {September},
    year	= {1996}
}

@inproceedings
{
		  Cook:97,
    title	= {{Maximizing the Benefits of Parallel Search Using Machine Learning}},
    author	= {D. Cook and R. Varnell},
    booktitle	= AAAI,
    pages	= {559--564},
    month	= {July},
    year	= {1997}
}

@techreport
{
		  Culberson:94,
    title	= {{Efficiently Searching the 15-Puzzle}},
    author	= {J. Culberson and J. Schaeffer},
    institution	= {Department of Computing Science, University of Alberta},
    number	= {94-08},
    year	= {1994}
}

@inproceedings
{
		  Culberson:96,
    title	= {{Searching with Pattern Databases}},
    author	= {J. Culberson and J. Schaeffer},
    booktitle	= {Advances in Artificial Intelligence, CSCSI (LNAI 1081)},
    publisher	= {Springer-Verlag},
    pages	= {402--416},
    month	= {May},
    year	= {1996}
}

@article
{
		  Culberson:98,
    title	= {{Pattern Databases}},
    author	= {J. Culberson and J. Schaeffer},
    journal	= CI,
    volume	= {14},
    number	= {4},
    pages	= {318--334},
    year	= {1998}
}

@inproceedings
{
		  Culler:93,
    title	= {{Two Fundamental Limits on Dataflow Multiprocessing}},
    author	= {D.E. Culler and K.E. Schauser and {T. von} Eicken},
    booktitle	= {Proceedings of the IFIP WG 10.3 Working Conference on Architectures and Compilation Techniques for Fine and Medium Grain Parallelism},
    address	= {Orlando, FL},
    publisher	= {North-Holland},
    month	= {January},
    year	= {1993}
}

@inproceedings
{
		  Dean:88,
    title	= {{An Analysis of Time-Dependent Planning}},
    author	= {T.L. Dean and M. Boddy},
    booktitle	= AAAI,
    pages	= {49--54},
    month	= {August},
    year	= {1988}
}

@unpublished
{
		  Deller:05,
    title	= {{Electronic Transmission and Computation of Very Long Baseline Interferometry and Its Application to Next Generation Radio Telescopes}},
    author	= {C. Phillips and T. Tzioumis and A. Deller and S. Tingay and C. Harris and K. Haines},
    note	= {Poster in the first IEEE International Conference on e-Science and Grid Computing},
    month	= {December},
    year	= {2005},
}

@article
{
		  Deller:07,
    title	= {{DiFX: A Software Correlator for Very Long Baseline Interferometry Using Multiprocessor Computing Environments}},
    author	= {A. Deller and S. Tingay and M. Bailes and C. West},
    journal	= ASP,
    volume	= {119},
    pages	= {318--336},
    year	= {2007}
}


@inproceedings
{
		  Dubnicki:97,
    title	= {{VMMC-2: Efficient Support for Reliable, Connection-Oriented Communication}},
    author	= {C. Dubnicki and A. Bilas and Y. Chen and S. Damianakis and K. Li},
    booktitle	= {Hot Interconnects '97},
    address	= {Stanford, CA},
    month	= {April},
    year	= {1997}
}

@phdthesis
{
		  Ebeling:86,
    title	= {{All the Right Moves: A VLSI Architecture for Chess}},
    author	= {C. Ebeling},
    school	= {Carnegie-Mellon University},
    address	= {Pittsburg, PA},
    year	= {1986}
}

@inproceedings
{
		  Eicken:92,
    title	= {{Active Messages: A Mechanism for Integrated Communication and Computation}},
    author	= {{T. von} Eicken and D.E. Culler and S.C. Goldstein and K.E. Schausser},
    booktitle	= ISCA,
    pages	= {256--266},
    address	= {Gold Coast, Australia},
    month	= {May},
    year	= {1992}
}

@inproceedings
{
		  Eicken:95,
    title	= {{U-Net: A User-Level Network Interface for Parallel and Distributed Computing}},
    author	= {{T. von} Eicken and A. Basu and V. Buch and W. Vogels},
    booktitle	= SOSP,
    pages	= {303--316},
    address	= {Copper Mountain, CO},
    month	= {December},
    year	= {1995}
}

@book
{
		  Ellis:90,
    title	= {{The Annotated C++ Reference Manual}},
    author	= {M.A. Ellis and B. Stroustrup},
    publisher	= {Addison-Wesley},
    isbn	= {0-201-51459-1},
    year	= {1990}
}

@phdthesis
{
		  Engelen:98,
    title	= {{CTADEL: A Generator of Efficient Numerical Codes}},
    author	= {{R.A. van} Engelen},
    school	= {Rijks\-uni\-ver\-sit\-eit Leiden},
    address	= {the Netherlands},
    month	= {October},
    year	= {1998}
}

@article
{
		  Epstein:92,
    title	= {{Prior Knowledge Strengthens Learning to Control Search in Weak Theory Domains}},
    author	= {S.L. Epstein},
    journal	= IJIS,
    volume	= {7},
    pages	= {547--586},
    year	= {1992}
}

@article
{
		  Epstein:96,
    title	= {{Pattern-Based Learning and Spatially-Oriented Concept Formation with a Multi-Agent, Decision-Making Expert}},
    author	= {S.L. Epstein and J. Gelfand and J. Lesniak},
    journal	= CI,
    volume	= {12},
    number	= {1},
    pages	= {199--221},
    year	= {1996}
}

@article
{
		  Evett:95,
    title	= {{PRA*: Massively Parallel Heuristic Search}},
    author	= {M. Evett and J. Hendler and A. Mahanti and D. Nau},
    journal	= JPDC,
    volume	= {25},
    pages	= {133--143},
    year	= {1995},
}

@phdthesis
{
		  Feldmann:93,
    title	= {{Game Tree Search on Massively Parallel Systems}},
    author	= {R. Feldmann},
    school	= {University of Paderborn},
    month	= {August},
    year	= {1993}
}

@inproceedings
{
		  Feldmann:94,
    title	= {{Studying Overheads in Massively Parallel MIN/MAX-Tree Evaluation}},
    author	= {R. Feldmann and P. Mysliwietz and B. Monien},
    booktitle	= SPAA,
    pages	= {94--103},
    year	= {1994}
}

@incollection
{
		  Feldmann:94b,
    title	= {{Game-Tree Search on a Massively Parallel System}},
    author	= {R. Feldmann and P. Mysliwietz and B. Monien},
    booktitle	= ACC # { 7},
    editor	= {{H.J. van den} Herik and I. S Herschberg and J.W.H.M. Uiter\-wijk},
    publisher   = {Universiteit Maastricht},
    address     = {the Netherlands},
    pages       = {203--218},
    year        = {1994}
}

@article
{
		  Finkel:82,
    title	= {{Parallelism in Alpha-Beta Search}},
    author	= {R.A. Finkel and J. Fishburn},
    journal	= AI,
    volume	= {19},
    pages	= {89--106},
    year	= {1982}
}

@article
{
		  Finkel:87,
    title	= {{DIB --- A Distributed Implementation of Backtracking}},
    author	= {R.A. Finkel and U. Manber},
    journal	= TOPLAS,
    volume	= {9},
    number	= {2},
    pages	= {235--256},
    month	= {April},
    year	= {1987},
}

@unpublished
{
		  Fiuczynki,
    title	= {{SPINE: Safe Programmable Integrated Network Environment}},
    author	= {M. Fiuczynki},
    note	= {\texttt{http://www.cs.washington.edu/homes/mef/research/spine}}
}

@inproceedings
{
		  Frigo:98,
    title	= {{The Implementation of the Cilk-5 Multithreaded Language}},
    author	= {M. Frigo and C.E. Leiserson and K.H. Randall},
    booktitle	= PLDI,
    address	= {Montreal, Canada},
    month	= {June},
    year	= {1998}
}

@phdthesis
{
		  Gasser:95,
    title	= {{Harnessing Computational Resources for Efficient Exhaustive Search}},
    author	= {R. Gasser},
    school	= {ETH Z\"{u}rich, Switzerland},
    year	= {1995}
}

@article
{
		  Gasser:96,
    title	= {{Solving Nine-Man's-Morris}},
    author	= {R. Gasser},
    journal	= CI,
    volume	= {12},
    number	= {1},
    pages	= {24--41},
    year	= {1996}
}

@article
{
		  George:00,
    title	= {{The REPRO Server: Finding Protein Internal Sequence Repeats Through the Web}},
    author	= {R.A. George and J. Heringa},
    journal	= TIBS,
    volume	= {25},
    number	= {10},
    pages	= {515--517},
    month	= {October},
    year	= {2000}
}

@article
{
		  Gschwind:06,
    title	= {{Synergistic Processing in Cell's Multicore Architecture}},
    author	= {M. Gschwind and H.P. Hofstee and B. K. Flachs and M. Hopkins and Y. Watanabe and T. Yamazaki},
    journal	= MICRO,
    volume      = {26},
    number      = {2},
    pages       = {10--24},
    month       = {March--April},
    year        = {2006}
}

@inproceedings
{
		  Goot:00,
    title	= {{Awari Endgame Databases}},
    author	= {R. van der Goot},
    booktitle	= {Computers and Games},
    publisher	= {Springer},
    series	= LNCS,
    volume	= {2063},
    pages	= {87--95},
    isbn	= {3-540-43080-6},
    year	= {2002}
}

@inproceedings
{
		  Goux:00,
    title	= {{An Enabling Framework for Master-Worker Applications on the Compurational Grid}},
    author	= {J.-P. Goux and S. Kulkarni and J. Linderoth and Michael Yoder},
    booktitle	= HPDC,
    pages	= {43--50},
    address	= {Pittsburgh, PA},
    month	= {August},
    year	= {2000}
}
 
@inproceedings
{
		  Greenblatt:67,
    title	= {{The Greenblatt Chess Program}},
    author	= {R.D. Greenblatt and D.E. Eastlake III and S.D. Crocker},
    booktitle	= {Proceedings of the Fall Joint Computing Conference},
    address	= {San Fransisco},
    pages	= {801--810},
    year	= {1967}
}

@inproceedings
{
		  Greenwald:96,
    title	= {{The Synergy Between Non-blocking Synchronization and Operating System Structure}},
    author	= {M.G. Greenwald and D. Cheriton},
    booktitle	= OSDI,
    address	= {Seattle, WA},
    pages	= {123--136},
    month	= {October},
    year	= {1996}
}

@article
{
		  Grune:88,
    title	= {{A Programmer-friendly LL(1) Parser Generator}},
    author	= {D. Grune and C.J.H. Jacobs},
    journal	= SPE,
    volume	= {18},
    number	= {1},
    pages	= {29--38},
    month	= {January},
    year	= {1988}
},

@inproceedings
{
		  Gunst:07,
    title	= {{Signal Processing Aspects of the Low Frequency Array}},
    author	= {A.W. Gunst and M.J. Bentum},
    booktitle	= ICSPC,
    pages	= {600--603},
    address	= {Dubai, United Arab Emirates},
    month	= {November},
    year	= {2007}
}
 
@article
{
		  Hamilton:97,
    title	= {{Deep Blue's Hardware-Software Synergy}},
    author	= {S. Hamilton and L. Garber},
    journal	= {IEEE Computer},
    volume	= {30},
    number	= {10},
    pages	= {29--35},
    year	= {1997}
}

@article
{
		  Hansson:92,
    title	= {{Criticizing Solutions to Relaxed Models Yields Powerful Admissible Heuristics}},
    author	= {O. Hansson and A. Mayer and M. Yung},
    journal	= IS,
    volume	= {63},
    number	= {3},
    pages	= {207--227},
    year	= {1992}
}

@article
{
		  Hartmann:02,
    title	= {{889.063.398.406 bordposities - Amsterdamse supercomputer lost bordspel awari op}},
    author	= {D. Hartmann},
    journal	= NRC,
    month	= {September 14,},
    year	= {2002},
    note	= {(in Dutch)}
}

@article
{
		  Heger:00,
    title	= {{Rapid Automatic Detection and Alignment of Repeats in Protein Sequences}},
    author	= {A. Heger and L. Holm},
    journal	= PSFG,
    volume	= {41},
    pages	= {224--237},
    year	= {2000}
}

@article
{
		  Herik:02,
    title	= {{Games Solved: Now and in the Future}},
    author	= {{H.J. van den} Herik and J.W.H.M. Uiter\-wijk and {J. van} Rijs\-wijck},
    journal	= AI,
    volume	= {134},
    number	= {1--2},
    pages	= {277--311},
    month	= {January},
    year	= {2002}
}

@article
{
		  Heringa:93,
    title	= {{A Method to Recognize Distant Repeats in Protein Sequences}},
    author	= {J. Heringa and P. Argos},
    journal	= PSFG,
    volume	= {17},
    pages	= {391--411},
    year	= {1993}
}

@article
{
		  Heringa:98,
    title	= {{Detection of Internal Repeats: How Common are They?}},
    author	= {J. Heringa},
    journal	= COSB,
    volume	= {8},
    pages	= {338--345},
    year	= {1998}
}

@article
{
		  Herlihy:93,
    title	= {{A Methodology for Implementing Highly Concurrent Data Objects}},
    author	= {M. Herlihy},
    journal	= TOPLAS,
    volume	= {15},
    pages	= {745--770},
    year	= {1993}
}

@inproceedings
{
		  Hessels:09,
    title	= {{The Radio Sky on Short Timescales with LOFAR: Pulsars and Fast Transients}},
    author	= {J. Hessels and B. Stappers and J. van Leeuwen},
    booktitle	= {The Low-Frequency Radio Universe},
    series	= {ASP Conference Series},
    note	= {To appear. http://arxiv.org/pdf/0903.1447}
}

@inproceedings
{
		  Holte:99,
    title	= {{A Space-Time Tradeoff for Memory-Based Heuristics}},
    author	= {R.C. Holte and I.T. Hern\'{a}dv\"{o}lgyi},
    booktitle	= AAAI,
    pages	= {704--709},
    month	= {July},
    year	= {1999}
}

@article
{
		  Huang:90,
    title	= {{A Space-Efficient Algorithm for Local Similarities}},
    author	= {X. Huang and R.C. Hardison and W. Miller},
    journal	= CABIOS,
    volume	= {6},
    pages	= {373--381},
    year	= {1990}
}

@article
{
		  Hsu:99,
    title	= {{IBM's Deep Blue Chess Grandmaster Chips}},
    author	= {F.-h. Hsu},
    journal	= {IEEE Micro},
    volume	= {19},
    number	= {2},
    pages	= {70--81},
    month	= {April},
    year	= {1999}
}

@proceedings
{
		  IBM:05,
    title	= {{Blue Gene}},
    editor	= {J.J. Ritsko and I. Ames and S.I. Raider and J.H. Robinson},
    publisher	= {IBM Corporation},
    series	= IJRD,
    volume	= {49, number 2/3},
    pages	= {189--500},
    month	= {March/May},
    year	= {2005}
}

@article
{
		  IBM:08,
    title	= {{Overview of the IBM Blue Gene/P Project}},
    author	= {IBM Blue Gene team},
    journal	= IJRD,
    editor	= {F. Mintzer},
    volume	= {52},
    number	= {1/2},
    month	= {January\hspace{0mm}/\hspace{0mm}March},
    year	= {2008}
}

@book
{
		  Intel-1:96,
    title	= {{Pentium Pro Family Developer's Manual}},
    author	= {Intel Corporation},
    volume	= {1: Specifications},
    publisher	= {McGraw--Hill},
    isbn        = {1-55512-259-0},
    address     = {Mount Prospect, IL},
    year        = {1996}
}

@book
{
		  Intel-2:96,
    title	= {{Pentium Pro Family Developer's Manual}},
    author	= {Intel Corporation},
    volume	= {2: Programmer's Reference Manual},
    publisher	= {McGraw--Hill},
    isbn        = {1-55512-260-4},
    address     = {Mount Prospect, IL},
    year        = {1996}
}

@book
{
		  Intel-3:96,
    title	= {{Pentium Pro Family Developer's Manual}},
    author	= {Intel Corporation},
    volume	= {3: Operating System Writer's Manual},
    publisher	= {McGraw--Hill},
    isbn        = {1-55512-261-2},
    address     = {Mount Prospect, IL},
    year        = {1996}
}

@misc
{
		  Intel:99,
    title	= {{IA-64 Application Developer's Architecture Guide}},
    key		= {Intel},
    note	= {\texttt{http://developer.intel.com/design/ia64/downloads/adag.htm}},
    month	= {May},
    year	= {1999}
}

@article
{
		  Irving:00,
    title	= {{Solving Kalah}},
    author	= {G. Irving and H.H.L.M. Donkers and J.W.H.M. Uiter\-wijk},
    journal	= ICGA,
    volume	= {23},
    number	= {3},
    pages	= {139--147},
    month	= {September},
    year	= {2000}
}


@inproceedings
{
                  Iskra:08,
    author      = {K. Iskra and J.W. Romein and K. Yoshii and P. Beckman},
    title       = {{ZOID: I/O-Forwarding Infrastructure for Petascale Architectures}},
    booktitle   = PPOPP # { (PPoPP'08)},
    pages       = {153--162},
    address     = {Salt Lake City, UT},
    month       = {February},
    year        = {2008}
}
    booktitle   = {Proc.\ of the 13th } # PPOPP # { (PPoPP'08)},

@misc
{
		  Jive:06,
    key		= {ZZZ},
    howpublished= {Private discussions with people from the Joint Institute for VLBI in Europe},
    month	= {March},
    year	= {2006}
}

@inproceedings
{
		  Joerg:94,
    title	= {{Massively Parallel Chess}},
    author	= {C.F. Joerg and B.C. Kuszmaul},
    booktitle	= {Third DIMACS Parallel Implementation Challenge},
    school	= {Rutgers University},
    month	= {October},
    year	= {1994} 
}

@incollection
{
		  Junghanns:97,
    title	= {{Diminishing Returns for Additional Search in Chess}},
    author	= {A. Junghanns and J. Schaeffer and M. Brockington and Y. Bjornsson and T.A. Marsland},
    booktitle	= ACC # { 8},
    editor	= {{H.J. van den} Herik and J. Uiter\-wijk},
    publisher	= {Universiteit Maastricht},
    address	= {the Netherlands},
    pages	= {53--67},
    year	= {1997}
}

@inproceedings
{
		  Junghanns:97b,
    title	= {{Search Versus Knowledge in Game-Playing Programs Revisited}},
    author	= {A. Junghanns and J. Schaeffer},
    booktitle	= IJCAI,
    pages	= {692--697},
    year	= {1997}
}

@inproceedings
{
		  Junghanns:98,
    title	= {{Single-Agent Search in the Presence of Deadlocks}},
    author	= {A. Junghanns and J. Schaeffer},
    booktitle	= AAAI,
    pages	= {419--424},
    month	= {July},
    year	= {1998}
}

@inproceedings
{
		  Kaashoek:91,
    title	= {{Group Communication in the Amoeba Distributed Operating System}},
    author	= {M.F. Kaashoek and A.S. Tanenbaum},
    booktitle	= ICDCS,
    pages	= {222-230},
    address	= {Arlington, TX},
    month	= {May},
    year	= {1991}
}

@phdthesis
{
		  Kaashoek:92,
    title	= {{Group Communication in Distributed Computer Systems}},
    author	= {M.F. Kaashoek},
    school	= {Vrije Universiteit},
    address	= {Amsterdam},
    month	= {December},
    year	= {1992}
}

@article
{
		  Kierulf:90,
    title	= {{Smart Game Board and Go Explorer: A Study in Software and Knowledge Engineering}},
    author	= {A. Kierulf and K. Chen and J. Nievergelt},
    journal	= CACM,
    volume	= {33},
    number	= {2},
    pages	= {152--166},
    year	= {1990}
}

@article
{
		  Kleinjung:04,
    title	= {{Contact-based Sequence Alignment}},
    author	= {J. Kleinjung and J.W. Romein and K. Lin and J. Heringa},
    journal	= NAR,
    volume	= {32},
    number	= {8},
    pages	= {2464--2473},
    month	= {April},
    year	= {2004}
}

@article
{
		  Knuth:75,
    title	= {{An Analysis of Alpha-Beta Pruning}},
    author	= {D.E. Knuth and R.W. Moore},
    journal	= AI,
    volume	= {6},
    number	= {4},
    year	= {1975},
    pages	= {293--326}
}

@article
{
		  Korf:85,
    title	= {{Depth-first Iterative Deepening: An Optimal Admissible Tree Search}},
    author	= {R.E. Korf},
    journal	= AI,
    volume	= {27},
    number	= {1},
    year	= {1985},
    pages	= {97--109}
}

@inproceedings
{
		  Korf:96,
    title	= {{Finding Optimal Solutions to the Twenty-Four Puzzle}},
    author	= {R.E. Korf and L.A. Taylor},
    booktitle	= AAAI,
    pages	= {1202--1207},
    month	= {August},
    year	= {1996}
}

@inproceedings
{
		  Korf:97,
    title	= {{Finding Optimal Solutions to Rubik's Cube Using Pattern Databases}},
    author	= {R.E. Korf},
    booktitle	= AAAI,
    pages	= {700--705},
    month	= {July},
    year	= {1997}
}

@article
{
		  Koufaty:03,
    title	= {{Hyperthreading Technology in the Netburst Microarchitecture}},
    author	= {D. Koufaty and D.T. Marr},
    journal	= MICRO,
    volume	= {23},
    number	= {2},
    pages	= {56-65},
    month	= {March},
    year	= {2003}
}

@inproceedings
{
		  Kruithof:08,
    title	= {{Real-time Software Correlation}},
    booktitle	= {International Workshop on Distributed Cooperative Laboratories (INGRID'08)},
    author	= {N. Kruithof and D. Marchal},
    note	= {To appear. http://www.jive.nl/dokuwiki/doku.php/scarie:scarie},
    month	= {April},
    year	= {2008}
}
{
    booktitle	= {Proceedings of the 3rd International Workshop on Distributed Cooperative Laboratories (INGRID '08)},
}
 
@inproceedings
{
		  Kumar:90,
    title	= {{Scalable Parallel Formulations of Depth-first Search}},
    author	= {V. Kumar and V. Rao},
    booktitle	= PAMIV,
    publisher	= {Springer-Verlag},
    editor	= {V. Kumar and P. Gopalakrishnan and L. Kanal},
    pages	= {1--42},
    year	= {1990}
}

@phdthesis
{
		  Kuszmaul:94,
    title	= {{Synchronized MIMD Computing}},
    author	= {B.C. Kuszmaul},
    school	= {Massachusetts Institute of Technology},
    address	= {Cambridge, MA},
    month	= {May},
    year	= {1994}
}

@article
{
		  Kuszmaul:95,
    title	= {{The StarTech Massively Parallel Chess Program}},
    author	= {B.C. Kuszmaul},
    journal	= ICCA,
    volume	= {18},
    number	= {1},
    month	= {March},
    year	= {1995}
}

@incollection
{
		  Lake:94,
    title	= {{Solving Large Retrograde Analysis Problems Using a Network of Workstations}},
    author	= {R. Lake and J. Schaeffer and P. Lu},
    booktitle	= ACC # { 7},
    editor	= {{H.J. van den} Herik and I.S. Herschberg and J.W.H.M. Uiter\-wijk},
    pages	= {135--162},
    publisher	= {Universiteit Maastricht},
    address	= {the Netherlands},
    year	= {1994}
}

@inproceedings
{
		  Langendoen:96,
    title	= {{Integrating Polling, Interrupts, and Thread Management}},
    author	= {K. Langendoen and J.W. Romein and R.A.F. Bhoedjang and H.E. Bal},
    booktitle	= {Proceedings of Frontiers'96},
    address	= {Annapolis, MD},
    pages	= {13--22},
    month	= {October},
    year	= {1996}
}

@article
{
		  Langendoen:97,
    title	= {{Models for Asynchronous Message Handling}},
    author	= {K. Langendoen and R.A.F. Bhoedjang and H.E. Bal},
    journal	= {IEEE Concurency},
    volume	= {5},
    number	= {2},
    pages	= {28--38},
    month	= {April--June},
    year	= {1997}
}

@article
{
		  Lee:90,
    title	= {{The Development of a World Class Othello Program}},
    author	= {K.-F. Lee and S. Mahajan},
    journal	= AI,
    volume	= {43},
    number	= {1},
    pages	= {21--36},
    year	= {1990}
}

@techreport
{
    		  Lesk:75,
    title	= {{Lex - A Lexical Analyzer Generator}},
    author	= {M.E. Lesk and E. Schmidt},
    institution	= {Bell Laboratories Computing Science},
    number	= {39},
    month	= {October},
    year	= {1975}
}

@article
{
		  Lincke:00,
    title	= {{Large Endgame Databases with Limited Memory Space}},
    author	= {T.R. Lincke and A. Marzetta},
    journal	= ICGA,
    volume	= {23},
    number	= {3},
    pages	= {131-138},
    month	= {September},
    year	= {2000}
}

@article
{
		  Lincke:00b,
    title	= {{Marvin Wins Awari Tournament}},
    author	= {T.R. Lincke and R. van der Goot},
    journal	= ICGA,
    volume	= {23},
    number	= {3},
    pages	= {173-174},
    month	= {September},
    year	= {2000}
}

@phdthesis
{
		  Lincke:02,
    title	= {{Exploring the Computational Limits of Large Exhaustive Search Problems}},
    author	= {T.R. Lincke},
    school	= {ETH Zurich, Swiss},
    month	= {June},
    year	= {2002}
}

@misc
{
		  LOFAR_SPECS,
    note	= {\texttt{http://www.lofar.org/p/astronomy\_spec.htm}},
}

@article
{
		  Lorenz:05,
    title	= {{Vectorization Techniques for the Blue Gene/L Double FPU}},
    author	= {J. Lorenz and S. Kral and F. Franchetti and C.W. Ueberhuber},
    journal	= IJRD,
    volume	= {49},
    number	= {2/3},
    pages	= {437--446},
    month	= {March},
    year	= {2005}
}


@article
{
		  Manzini:95,
    title	= {{BIDA*: An Improved Perimeter Search Algorithm}},
    author	= {G. Manzini},
    journal	= AI,
    volume	= {75},
    number	= {2},
    pages	= {347--360},
    month	= {June},
    year	= {1995}
}

@inproceedings
{
		  Maquelin:96,
    title	= {{Polling Watchdog: Combining Polling and Interrupts for Efficient Message Handling}},
    author	= {O. Maquelin and G.R. Gao and H.H. J Hum and K.B. Theobald and X. Tian},
    booktitle	= ISCA,
    pages	= {179--188},
    address	= {Philadelphia, PA},
    month	= {May},
    year	= {1996}
}

@article
{
		  Marcotte:98,
    title	= {{A Census of Protein Repeats}},
    author	= {E.M. Marcotte and M. Pellegrini and T.O. Yeates and D. Eisenberg},
    journal	= JMB,
    volume	= {293},
    pages	= {151--160},
    year	= {1998}
}

@article
{
		  Marsland:82,
    title	= {{Parallel Search of Strongly Ordered Game Trees}},
    author	= {T.A. Marsland and M. Campbell},
    journal	= ACMCS,
    volume	= {14},
    number	= {4},
    pages	= {533--551},
    month	= {December},
    year	= {1982}
}

@article
{
		  Marsland:85,
    title	= {{Parallel Game-Tree Search}},
    author	= {T.A. Marsland and F. Popowich},
    journal	= PAMI,
    volume	= {7},
    number	= {4},
    pages	= {442--452},
    month	= {July},
    year	= {1985}
}

@misc
{
		  Matlab,
    title	= {{Matlab}},
    key		= {Matlab},
    note	= {\texttt{http://www.mathworks.com}}
}

@article
{
		  Mattern:87,
    title	= {{Algorithms for Distributed Termination Detection}},
    author	= {F. Mattern},
    journal	= DC,
    volume	= {2},
    pages	= {161--175},
    year	= {1987}
}

@inproceedings
{
		  Mueller:93,
    title	= {{A Library Implementation of POSIX Threads under UNIX}},
    author	= {F. Mueller},
    booktitle	= {Proceedings of the USENIX Conference},
    organization= {USENIX},
    address	= {San Diego, CA},
    pages	= {29--41},
    year	= {Winter 1993}
}

@book
{
		  Mood:74,
    title	= {{Introduction to the Theory of Statistics}},
    author	= {A.M. Mood and F.A. Graybill and D.C. Boes},
    edition	= {Third},
    publisher	= {McGraw--Hill},
    address	= {Singapore},
    year	= {1974}
}

@article
{
		  Moran:67,
    title	= {{Spectral Line Inteferometry with Independent Time Standards at Stations Separated by 845 Kilometers}},
    author	= {J. Moran and P. Crowther and B. Burke and A. Barrett and A. Rogers and J. Ball and J. Carter and C. Bare},
    journal	= {Science},
    volume	= {157},
    number	= {3789},
    pages	= {676--677},
    month	= {August},
    year	= {1967}
}

@article
{
		  Needleman:70,
    title	= {{A General Method Applicable to the Search for Similarities in the Amino Acid Sequence of Two Proteins}},
    author	= {S.B. Needleman and C.D. Wunsch},
    journal	= JMB,
    volume	= {48},
    pages	= {443--453},
    year	= {1970}
}

@inproceedings
{
		  Newborn:85,
    title	= {{A Parallel Search Chess Program}},
    author	= {M. Newborn},
    booktitle	= ACM,
    editor	= {S.R. Oliver},
    publisher	= {ACM Press, New York, NY},
    pages	= {272--277},
    year	= {1985}
}

@book
{
		  Nichols:96,
    title	= {{Pthreads Programming}},
    author	= {B. Nichols and B. Buttlar and J. Proulx Farrell},
    publisher	= {O'Reilly \& Associates, Inc.},
    isbn	= {1-56592-115-1},
    address	= {Newton, MA},
    year	= {1996}
}

@inproceedings
{
		  Nieuwpoort:09,
    title	= {{Using Many-Core Hardware to Correlate Radio Astronomy Signals}},
    author	= {{R.V. van} Nieuwpoort and J.W. Romein},
    booktitle	= ICS#{ (ICS'09)},
    address	= {New York, NY},
    note	= {To appear},
    month	= {June},
    year	= {2009}
}

@inproceedings
{
		  Nijboer:07,
    author	= {R. J. Nijboer and J. E. Noordam},
    title	= {{LOFAR Calibration}},
    booktitle	= ADASS#{ (ADASS XVII)},
    series	= {ASP Conference Series},
    number	= {376},
    pages	= {237--240},
    editor	= {R. A. Shaw and F. Hill and D. J. Bell},
    address	= {Kensington, UK},
    month	= {September},
    year	= {2007}
}

@book
{
		  Nilsson:71,
    title	= {{Problem-Solving Methods in Artificial Intelligence}},
    author	= {N.J. Nilsson},
    publisher	= {McGraw--Hill},
    address	= {New York, NY},
    year	= {1971}
}

@inproceedings
{
		  Ord:08,
    title	= {{GPUs for data processing in the MWA}},
    author	= {S. Ord and L. Greenhill and R. Wayth and D. Mitchell and K. Dale and H. Pfister and G. Edgar},
    booktitle	= ADASS #{ (ADASS XVIII)},
    month	= {November},
    year	= {2008},
    note	= {To appear. http://arxiv.org/abs/0902.0915}
}
{
    address	= {Qu\'ebec, Canada},
}

@inproceedings
{
		  Pakin:95,
    title	= {{High Performance Messaging on Workstations: Illinois Fast Messages (FM) for Myrinet}},
    author	= {S. Pakin and M. Lauria and A. Chien},
    booktitle	= SC # { '95},
    address	= {San Diego, CA},
    month	= {December},
    year	= {1995}
}

@book
{
		  Papert:93,
    title	= {{Mindstorms: Children, Computers, and Powerful Ideas}},
    author	= {S. Papert},
    publisher	= {Harvester Wheatsheaf, New York, N.Y.},
    isbn	= {0-7450-1604-9},
    edition	= {Second},
    pages	= {230},
    year	= {1993}
}

@article
{
		  Pearl:80,
    title	= {{Asymptotical Properties of Minimax Trees and Game Searching Procedures}},
    author	= {J. Pearl},
    journal	= AI,
    volume	= {14},
    number	= {2},
    pages	= {113--138},
    year	= {1980}
}

@article
{
		  Pellegrini:99,
    title	= {{A Fast Algorithm for Genome-Wide Analysis of Proteins with Repeated Sequences}},
    author	= {M. Pellegrini and E.M. Marcotte and T.O. Yeates},
    journal	= JMB,
    volume	= {35},
    pages	= {440--446},
    year	= {1999}
}

@incollection
{
		  Pell:92,
    title	= {{Metagame: A New Challenge for Games and Learning}},
    author	= {B. Pell},
    booktitle	= {Heuristic Programming in Artificial Intelligence},
    volume	= {3},
    editor	= {{H.J. van den} Herik and L.V. Allis},
    pages	= {237--251},
    publisher	= {Ellis Horwood Ltd},
    address	= {Chichester, West Sussex},
    year	= {1992}
}

@phdthesis
{
                  Pell:93,
    title	= {{Strategy Generation and Evaluation for Meta-Game Playing}},
    author	= {B.D. Pell},
    school	= {University of Cambridge},
    month	= {August},
    year	= {1993}
}

@inproceedings
{
		  Pell:94,
    title	= {{A Strategic Metagame Player for General Chesslike Games}},
    author	= {B. Pell},
    booktitle	= AAAI,
    pages	= {1378--1385},
    month	= {July},
    year	= {1994}
}

@article
{
		  Peterson:81,
    title	= {{Myths about the Mutual Exclusion Problem}},
    author	= {G.L. Peterson},
    journal	= IPL,
    volume	= {12},
    pages	= {115-116},
    month	= {June},
    year	= {1981}
}

@phdthesis
{
		  Plaat:96,
    title	= {{Research, Re: Search \& Re-Search}},
    author	= {A. Plaat},
    school	= {Erasmus Universiteit Rotterdam},
    address	= {the Netherlands},
    month	= {June},
    year	= {1996}
}

@article
{
		  Plaat:96b,
    title	= {{Best-First Fixed-Depth Minimax Algorithms}},
    author	= {A. Plaat and J. Schaeffer and W. Pijls and A. de Bruin},
    journal	= AI,
    volume	= {87},
    number	= {1--2},
    pages	= {255--293},
    month	= {November},
    year	= {1996}
}

@inproceedings
{
                  Plaat:96c,
    title       = {{Exploiting Graph Properties of Game Trees}},
    author      = {A. Plaat and J. Schaeffer and W. Pijls and A. de Bruin},
    booktitle	= AAAI,
    pages	= {234--239},
    month       = {August},
    year        = {1996}
}

@inproceedings
{
		  Plaat:99,
    title	= {{Sensitivity of Parallel Applications to Large Differences in Bandwidth and Latency in Two-Layer Interconnects}},
    author	= {A. Plaat and H.E. Bal and R.F.H. Hofman},
    booktitle	= HPCA,
    pages	= {244--253},
    address	= {Orlando, FL.},
    month	= {January},
    year	= {1999}
}
 
@article
{
		  Powley:91,
    title	= {{Single-Agent Parallel Window Search}},
    author	= {C. Powley and R.E. Korf},
    journal	= PAMI,
    volume      = {3},
    number      = {5},
    pages	= {466--477},
    year	= {1991}
}

@inproceedings
{
		  Prylli:98,
    title	= {{BIP: a New Protocol Designed for High Performance Networking on Myrinet}},
    author	= {L. Prylli and B. Tourancheau},
    booktitle	= {Workshop PC-NOW, IPPS/SPDP'98},
    address	= {Orlando, FL},
    year	= {1998}
}

@inproceedings
{
		  Prylli:98b,
    title	= {{Modeling of a High Speed Network to Maximize Throughput Performance: The Experience of BIP over Myrinet}},
    author	= {L. Prylli and B. Tourancheau and R. Westrelin},
    booktitle	= PDPTA,
    address	= {Las Vegas, NV},
    year	= {1998}
}

@inproceedings
{
		  Rao:87,
    title	= {{A Parallel Implementation of Iterative-Deepening-A*}},
    author	= {V. Rao and V. Kumar and K. Ramesh},
    booktitle	= AAAI,
    pages	= {178--182},
    month	= {July},
    year	= {1987}
}

@article
{
		  Reinefeld:83,
    title	= {{An Improvement of the Scout Tree-Search Algorithm}},
    author	= {A. Reinefeld},
    journal	= ICCA,
    volume	= {6},
    number	= {4},
    pages	= {4--14},
    month	= {December},
    year	= {1983}
}

@inproceedings
{
		  Reinefeld:85,
    title	= {{Information Acquisition in Minimal Window Search}},
    author	= {A. Reinefeld and J. Schaeffer and T.A. Marsland},
    booktitle	= IJCAI,
    volume	= {2},
    pages	= {1040--1043},
    year	= {1985}
}

@article
{
		  Reinefeld:94,
    title	= {{Enhanced Iterative-Deepening Search}},
    author	= {A. Reinefeld and T.A. Marsland},
    journal	= PAMI,
    volume	= {16},
    number	= {7},
    pages	= {701--710},
    month	= {July},
    year	= {1994}
}

@inproceedings
{
		  Reinefeld:94b,
    title	= {{AIDA* --- Asynchronous Parallel IDA*}},
    author	= {A. Reinefeld and V. Schnecke},
    booktitle	= CCAI,
    pages	= {295--302},
    address	= {Banff, Canada},
    year	= {1994}
}

@article
{
		  Rognes:00,
    title	= {{Six-Fold Speedup of Smith--Waterman Sequence Database Searches Uisng Parallel Processing on Common Microprocessors}},
    author	= {T. Rognes and E. Seeberg},
    journal	= BIOINF,
    volume	= {16},
    number	= {8},
    pages	= {699--706},
    year	= {2000}
}

@article
{
		  Rognes:01,
    title	= {{ParAlign: a Parallel Sequence Alignment Algorithm for Rapid and Sensitive Database Searches}},
    author	= {T. Rognes},
    journal	= NAR,
    volume	= {29},
    number	= {7},
    pages	= {1647--1652},
    year	= {2001}
}

@techreport
{
		  Romein:94,
    title	= {{Parallel N-Body Simulation on a Large-Scale Homogeneous Distributed System}},
    author	= {J.W. Romein and H.E. Bal},
    institution	= {Dept. of Mathematics and Computer Science, Vrije Universiteit, Amsterdam},

    number	= {IR-364},
    month	= {December},
    year	= {1994}
}

@mastersthesis
{
		  Romein:94b,
    title	= {{Water -- an N-body Simulation Program on a Distributed Architecture}},
    author	= {J.W. Romein},
    institution	= {Dept. of Mathematics and Computer Science, Vrije Universiteit, Amsterdam},
    month	= {August},
    year	= {1994}
}

@inproceedings
{
		  Romein:95,
    title	= {{Parallel N-Body Simulation on a Large-Scale Homogeneous Distributed System}},
    author	= {J.W. Romein and H.E. Bal},
    publisher	= {Springer-Verlag},
    booktitle	= {EuroPar '95},
    series	= LNCS,
    volume	= {966},
    pages	= {473--484},
    address	= {Stockholm, Sweden},
    month	= {August},
    year	= {1995}
}

@inproceedings
{
		  Romein:95b,
    title	= {{Multigame --- A Very High Level Language for Describing Board Games}},
    author	= {J.W. Romein and H.E. Bal and D. Grune},
    booktitle	= {First Annual ASCI Conference},
    pages	= {278--287},
    address	= {Heijen, the Netherlands},
    month	= {May},
    year	= {1995}
}

@inproceedings
{
                  Romein:97,
    title       = {{An Application Domain Specific Language for Describing Board Games}},
    author      = {J.W. Romein and H.E. Bal and D. Grune},
    booktitle   = PDPTA,
    pages       = {305--314},
    volume      = {I},
    organization= {CSREA},
    address     = {Las Vegas, NV},
    month       = {July},
    year        = {1997}
}

@inproceedings
{
		  Romein:99,
    title	= {{Transposition Driven Work Scheduling in Distributed Search}},
    author	= {J.W. Romein and A. Plaat and H.E. Bal and J. Schaeffer},
    booktitle	= AAAI,
    pages	= {725--731},
    address	= {Orlando, FL},
    month	= {July},
    year	= {1999}
}

@techreport
{
		  Romein:00b,
    title	= {{The Multigame Reference Manual}},
    author	= {J.W. Romein and H.E. Bal and D. Grune},
    institution	= {Faculty of Sciences, Department of Mathematics and Computer Science, Vrije Universiteit},
    address	= {Amsterdam, the Netherlands},
    number	= {IR-475},
    month	= {August},
    year	= {2000}
}

@phdthesis
{
		  Romein:01,
    title	= {{Multigame --- An Environment for Distributed Game-Tree Search}},
    author	= {J.W. Romein},
    school	= {Faculty of Sciences, Department of Mathematics and Computer Science, Vrije Universiteit},
    address	= {Amsterdam, the Netherlands},
    note	= {\texttt{http://www.cs.vu.nl/\~{}john/thesis/}},
    month	= {January},
    year	= {2001}
}

@inproceedings
{
		  Romein:01b,
    title	= {{Wide-Area Transposition-Driven Scheduling}},
    author	= {J.W. Romein and H.E. Bal},
    booktitle	= {IEEE International Symposium on High Performance Distributed Computing},
    address	= {San Francisco, CA},
    month	= {August},
    year	= {2001}
}

@article
{
		  Romein:02,
    title	= {{A Performance Analysis of Transposition-Table-Driven Scheduling in Distributed Search}},
    author	= {J.W. Romein and H.E. Bal and J. Schaeffer and A. Plaat},
    journal	= TPDS,
    volume	= {13},
    number	= {5},
    pages	= {447--459},
    month	= {May},
    year	= {2002}
}

@unpublished
{
    		  Romein:02a,
    title	= {{Solving the Game of Awari on the DAS-2 Distributed Cluster Computer}},
    author	= {J.W. Romein},
    note	= {Myrinet User's Group Conference, Vienna, Austria},
    month	= {May},
    year	= {2002}
}

@unpublished
{
    		  Romein:02b,
    title	= {{Solving Awari Using Large-Scale Parallel Retrograde Analysis}},
    author	= {J.W. Romein},
    note	= {Third International Conference on Computers and Games'02 (co-located with AAAI'02), Edmonton, AB, Canada},
    month	= {July},
    year	= {2002}
}

@article
{
		  Romein:02c,
    title	= {{Awari is Solved}},
    author	= {J.W. Romein and H.E. Bal},
    journal	= ICGA,
    volume	= {25},
    number	= {3},
    pages	= {162--165},
    month	= {September},
    year	= {2002}
}

@article
{
		  Romein:03,
    title	= {{Solving Awari with Parallel Retrograde Analysis}},
    author	= {J.W. Romein and H.E. Bal},
    journal	= COMPUTER,
    volume	= {36},
    number	= {10},
    pages	= {26--33},
    month	= {October},
    year	= {2003}
}

@inproceedings
{
		  Romein:03b,
    title	= {{A Million-Fold Speed Improvement in Genomic Repeats Detection}},
    author	= {J.W. Romein and J. Heringa and H.E. Bal},
    booktitle	= SC # {'03},
    address	= {Phoenix, AZ},
    month	= {November},
    year	= {2003}
}

@inproceedings
{
		  Romein:06,
    title	= {{Astronomical Real-Time Streaming Signal Processing on a Blue Gene/L Supercomputer}},
    author	= {J.W. Romein and P.C. Broekema and E. van Meijeren and {K. van der} Schaaf and W.H. Zwart},
    booktitle	= SPAA # { (SPAA'06)},
    pages	= {59--66},
    OPTaddress	= {Cambridge, MA},
    OPTmonth	= {July},
    year	= {2006}
}
    booktitle	= {Proc.\ of the 8th } # SPAA # { (SPAA'06)},

@techreport
{
		  Romein:08,
    title	= {{Bandpass Correction in LOFAR}},
    author	= {J.W. Romein},
    institution	= {ASTRON},
    note	= {http://www.astron.nl/$\sim$romein/papers/BandPass/bandpass.pdf},
    month	= {August},
    year	= {2008}
}

@inproceedings
{
		  Romein:09a,
    title	= {{FCNP: Fast I/O on the Blue Gene/P}},
    author	= {J.W. Romein},
    booktitle	= PDPTA # { (PDPTA'09)},
    address	= {Las Vegas, NV},
    month	= {July},
    year	= {2009}
}

@misc
{
		  Romein:09b,
    title	= {{Processing Real-Time LOFAR Telescope Data on a Blue Gene/P Supercomputer}},
    author	= {J.W. Romein and P.C. Broekema and J.D. Mol and R.V. van Nieuwpoort},
    note	= {Under review},
    year	= {2009}
}

@inproceedings
{
		  Renesse:98,
    title	= {{Goal-Oriented Programming, or Composition Using Events, or Threads Considered Harmful}},
    author	= {{R. van} Renesse},
    booktitle	= {Proceedings of the Eighth ACM SIGOPS European Workshop},
    address	= {Sintra, Portugal},
    month	= {September},
    year	= {1998}
}

@article
{
		  Schaaf:04,
    title	= {{The LOFAR Central Processing Facility Architecture}},
    author	= {{K. van der} Schaaf and C. Broekema and {G. van} Diepen and {E. van} Meijeren},
    journal	= {Experimental Astronomy},
    volume	= {17},
    pages	= {43--58},
    year	= {2005}
}

@article
{
		  Schaeffer:89,
    title	= {{The History Heuristic and Alpha-Beta Search Enhancements in Practice}},
    author	= {J. Schaeffer},
    journal	= PAMI,
    volume	= {11},
    number	= {11},
    pages	= {1203-1212},
    year	= {1989}
}

@article
{
		  Schaeffer:89b,
    title	= {{Distributed Game-Tree Searching}},
    author	= {J. Schaeffer},
    journal	= JPDC,
    volume	= {6},
    pages	= {90--114},
    year	= {1989}
}

@article
{
		  Schaeffer:92,
    title	= {{A World Championship Caliber Checkers Program}},
    author	= {J. Schaeffer and J. Culberson and N. Treloar and B. Knight and P. Lu and D. Szafron},
    journal	= AI,
    volume	= {53},
    pages	= {273--289},
    year	= {1992}
}

@inproceedings
{
		  Schaeffer:93,
    title	= {{A Re-examination of Brute-force Search}},
    author	= {J. Schaeffer and P. Lu and D. Szafron and R. Lake},
    booktitle	= {Games: Planning and Learning: AAAI 1993 Fall Symposium, Report FS9302},
    pages	= {51--58},
    address	= {Chapel Hill, NC},
    year	= {1993}
}

@article
{
		  Schaeffer:96,
    title	= {{Chinook: The World Man-Machine Checkers Champion}},
    author	= {J. Schaeffer and R. Lake, P. Lu and M. Bryant},
    journal	= AIM,
    volume	= {17},
    number	= {1},
    pages	= {21--29},
    year	= {1996},
}

@incollection
{
		  Schaeffer:00,
    title	= {{Search Ideas in Chinook}},
    author	= {J. Schaeffer},
    booktitle	= {Games in AI Research},
    editor	= {{H.J. van den} Herik and H. Iida},
    publisher	= {Universiteit Maastricht},
    address	= {the Netherlands},
    isbn	= {90-621-6416-1},
    pages	= {19--30},
    year	= {2000}
}

@misc
{
		   Schaeffer:02,
    note        = {\texttt{http://www.cs.ualberta.ca/\~{}awari/}}
}

@article
{
		  Schijf:94,
    title	= {{Proof-Number Search and Transpositions}},
    author	= {M. Schijf and L.V. Allis and J.W.H.M. Uiter\-wijk},
    journal	= ICCA,
    volume	= {17},
    number	= {2},
    pages	= {63--74},
    month	= {June},
    year	= {1994}
}

@incollection
{
		  Scott:69,
    title	= {{A Chess-Playing Program}},
    author	= {J.J. Scott},
    booktitle	= {Machine Intelligence},
    volume	= {4},
    editor	= {B. Meltzer and D. Michie},
    publisher	= {Edinburgh University Press},
    pages	= {255--265},
    year	= {1969}
}

@article
{
		  Skillicorn:98,
    title	= {{Models and Languages for Parallel Computation}},
    author	= {D.B. Skillicorn and D. Talia},
    journal	= ACMCS,
    volume	= {30},
    number	= {2},
    pages	= {123--169},
    month	= {June},
    year	= {1998}
}

@incollection
{
		  Slate:77,
    title	= {{CHESS 4.5 --- The Northwestern University Chess Program}},
    author	= {D.J. Slate and L.R. Atkin},
    booktitle	= {Chess Skill in Man and Machine},
    editor	= {P.W. Frey},
    publisher	= {Springer-Verlag},
    pages	= {82--118},
    year	= {1977}
}

@article
{
		  Smith:81,
    title	= {{Identification of Common Molecular Subsequences}},
    author	= {T.F. Smith and M.S. Waterman},
    journal	= JMB,
    volume	= {147},
    pages	= {195--197},
    year	= {1981}
}

@book
{
		  SPARC:94,
    title	= {{The SPARC Architecture Manual}},
    editor	= {D.L. Weaver and T. Germond},
    publisher	= {Prentice Hall},
    isbn	= {0-13-099227-5},
    address	= {Menlo Park, CA},
    year	= {1994}
}

@book
{
		  Sparrowhawk:84,
    title	= {{LOGO: A Language for Learning}},
    author	= {A. Sparrowhawk},
    isbn	= {0-330-28676-5},
    publisher	= {Pan Books, London},
    pages	= {172},
    year	= {1984}
}

@inproceedings
{
		  Stern:97,
    title	= {{Parallelizing the Murphi Verifier}},
    author	= {U. Stern and D.L. Dill},
    booktitle	= {Ninth International Conference on Computer Aided Verification},
    pages	= {256--267},
    year	= {1997}
}

@inproceedings
{
		  Taylor:93,
    title	= {{Pruning Duplicate Nodes in Depth-First Search}},
    author	= {L. Taylor and R.E. Korf},
    booktitle	= AAAI,
    pages	= {756--761},
    month	= {July},
    year	= {1993}
}

@article
{
		  Tanenbaum:90,
    title	= {{Experiences with the Amoeba Distributed Operating System}},
    author	= {A.S. Tanenbaum and {R. van} Renesse and {H. van} Staveren and G.J. Sharp and S.J. Mullender and A.J. Jansen and {G. van} Rossum},
    journal	= CACM,
    volume	= {33},
    number	= {12},
    pages	= {46--63},
    month	= {December},
    year	= {1990}
}

@book
{
		  Tanenbaum:95,
    title	= {{Distributed Operating Systems}},
    author	= {A.S. Tanenbaum},
    publisher	= {Prentice Hall},
    isbn	= {0132199084},
    month	= {January},
    year	= {1995}
}

@inproceedings
{
		  Thekkath:94,
    title	= {{Separating Data and Control Transfer in Distributed Operating Systems}},
    author	= {C.A. Thekkath and H.M. Levy and E.D. Lazowska},
    booktitle	= ASPLOS,
    pages	= {2--11},
    address	= {San Jose, CA},
    month	= {October},
    year	= {1994}
}

@incollection
{
		  Thompson:82,
    title	= {{Computer Chess Strength}},
    author	= {K. Thompson},
    booktitle	= ACC # { 3},
    editor	= {M.R.B. Clarke},
    publisher	= {Pergamon Press, Oxford},
    pages	= {55-56},
    year	= {1982}
}

@article
{
		  Thompson:86,
    title	= {{Retrograde Analysis of Certain Endgames}},
    author	= {K. Thompson},
    journal	= ICCA,
    volume	= {9},
    number	= {3},
    pages	= {131--139},
    month	= {September},
    year	= {1986}
}

@article
{
		  Vaas:99,
    title	= {{Konstellation}},
    author	= {R. Vaas},
    journal	= {Bild der Wissenschaft},
    number	= {Sonne-Special},
    pages	= {2},
    month	= {July},
    year	= {1999}
}

@inproceedings
{
		  Valois:95,
    title	= {{Lock-Free Linked Lists Using Compare-and-Swap}},
    author	= {J.D. Valois},
    booktitle	= PDC,
    pages	= {214--222},
    year	= {1995}
}

@inproceedings
{
		  Verstoep:96,
    title	= {{Efficient Reliable Multicast on Myrinet}},
    author	= {K. Verstoep and K.G. Langendoen and H.E. Bal},
    booktitle	= ICPP,
    volume	= {3},
    address	= {Bloomingdale, IL},
    pages	= {156-165},
    month	= {August},
    year	= {1996}
}

@inproceedings
{
                  Verstoep:08,
    title	= {{Experiences with Fine-grained Distributed Supercomputing on a 10G Testbed}},
    author	= {K. Verstoep and J. Maassen and H.E. Bal and J.W. Romein},
    booktitle	= CCGRID,
    address	= {Lyon, France},
    month	= {May},
    year	= {2008}
}


@inproceedings
{
		  deVos:01,
    title	= {{Cluster Computers and Grid Processing in the First Radio-Telescope of a New Generation}},
    author	= {{C.M. de} Vos and {K. van der} Schaaf and J.D. Bregman},
    booktitle	= CCGRID,
    pages	= {156-160},
    month	= {May},
    year	= {2001}
}

@article
{
		  deVos:09,
    title	= {{The LOFAR Telescope: System Architecture and Signal Processing}},
    author	= {{M. de} Vos and A.W. Gunst and R. Nijboer},
    journal	= IEEE,
    note	= {To appear}
}


@inproceedings
{
		  Wasserman:97,
    title	= {{Performance Evaluation of the SGI Origin2000: A Memory-Centric Characterization of LANL ASCI Applications}},
    author	= {H. Wasserman and O.M. Lubeck and Y. Luo and F. Bassetti},
    booktitle	= SC # { '97},
    address	= {San Jose, CA},
    month	= {November},
    year	= {1997}
}

@article
{
		  Waterman:87,
    title	= {{A New Algorithm for Best Subsequence Alignments with Application to tRNA--rRNA Comparisons}},
    author	= {M.S. Waterman and M. Eggert},
    journal	= JMB,
    volume	= {197},
    pages	= {723--725},
    year	= {1987}
}

@phdthesis
{
		  Weill:95,
    title	= {{Programme d'\'Echecs de Championnat : Architechture Logicielle, Synth\`ese de Fonctions d'\'Evaluations, Parall\'elisme de Recherche}},
    author	= {J.-C. Weill},
    school	= {Universit\'e Paris~8},
    note	= {In French.},
    month	= {January},
    year	= {1995}
}

@inproceedings
{
		  Weill:96,
    title	= {{The ABDADA Distributed Minimax Search Algorithm}},
    author	= {J.-C. Weill},
    booktitle	= {Proceedings of the 24th Annual ACM Computer Science Conference},
    address	= {Philadelphia, PA},
    month	= {February},
    year	= {1996}
}

@article
{
		  Weill:96b,
    title	= {{The ABDADA Distributed Minimax Search Algorithm}},
    author	= {J.-C. Weill},
    journal	= ICCA,
    volume	= {19},
    number	= {1},
    pages	= {3--16},
    month	= {March},
    year	= {1996}
}

@incollection
{
		  Welch:91,
    title	= {{Measuring Performance of Caching in the Sprite Network File System}},
    author	= {B.B. Welch},
    booktitle	= {Symposium on Experiences with Distributed and Multiprocessor Systems (SEDMS II)},
    pages	= {229--247},
    publisher	= {USENIX},
    address	= {Atlanta, GA},
    month	= {March},
    year	= {1991}
}

@article
{
		  Wu:01,
    title	= {{Solving Chinese Endgames by Database Construction}},
    author	= {R. Wu and D.F. Beal},
    journal	= IS,
    volume	= {135},
    number	= {3--4},
    pages	= {207--228},
    month	= {July},
    year	= {2001}
}

@inproceedings
{
                  Yoshii:09,
    title       = {{Characterizing the Performance of Big Memory on Blue Gene Linux}},
    author      = {K. Yoshii and K. Iskra and P.C. Broekema and H. Naik and P. Beckman},
    booktitle   = {International Workshop on Parallel Programming Models and Systems Software for High-End Computing (P2S2'09)},
    year        = {2009}
}

@techreport
{
		  Zobrist:70,
    title	= {{A New Hashing Method with Application for Game Playing}},
    author	= {A.L. Zobrist},
    institution	= {Computer Science Department, University of Wisconsin, Madison},
    number	= {88},
    year	= {1970},
    note	= {Reprinted in: {\em ICCA Journal}, 13(2):69--73, 1990}
}

@Article{bgp,
  author = 	 {{IBM Blue Gene team}},
  title = 	 {{Overview of the IBM Blue Gene/P project}},
  journal = 	 {IBM Journal of Research and Development},
  year = 	 {2008},
  OPTkey = 	 {},
  volume = 	 {52},
  number = 	 {1/2},
  pages = 	 {199-220},
  month = 	 {January/March},
  OPTnote = 	 {},
  OPTannote = 	 {}
}

@InProceedings{sc09,
  author = 	 {John W. Romein and P. Chris Broekema and Jan David Mol and {Rob V. van Nieuwpoort}},
  title = 	 {{Processing Real-Time LOFAR Telescope Data on a Blue Gene/P Supercomputer}},
  OPTcrossref =  {},
  OPTkey = 	 {},
  OPTbooktitle = {},
  OPTpages = 	 {},
  year = 	 {2009},
  OPTeditor = 	 {},
  OPTvolume = 	 {},
  OPTnumber = 	 {},
  OPTseries = 	 {},
  OPTaddress = 	 {},
  OPTmonth = 	 {},
  OPTorganization = {},
  OPTpublisher = {},
  note = 	 {Submitted for publication. See http://www.astron.nl/~romein/papers.},
  OPTannote = 	 {}
}

@Manual{amd-manual,
  title = 	 {AMD Stream Computing User Guide Revision 1.1},
  OPTkey = 	 {},
  OPTauthor = 	 {{Advanced Micro Devices Corporation (AMD)}},
  OPTorganization = {},
  OPTaddress = 	 {},
  OPTedition = 	 {},
  month = 	 {august},
  year = 	 {2008},
  OPTnote = 	 {},
  OPTannote = 	 {}
}

@Article{cell,
  author = 	 {Michael Gschwind and H. Peter Hofstee and Brian K. Flachs and Martin Hopkins and Yukio Watanabe and Takeshi Yamazaki},
  title = 	 {{Synergistic Processing in Cell's Multicore Architecture}},
  journal = 	 {IEEE Micro},
  year = 	 {2006},
  OPTkey = 	 {},
  volume = 	 {26},
  number = 	 {2},
  pages = 	 {10-24},
  OPTmonth = 	 {},
  OPTnote = 	 {},
  OPTannote = 	 {}
}

@Article{larrabee,
  author = 	 {Larry Seiler and Doug Carmean and Eric Sprangle and Tom Forsyth and Michael Abrash and Pradeep Dubey and Stephen Junkins and Adam Lake and  Jeremy Sugerman and Robert Cavin and Roger Espasa and Ed Grochowski and Toni Juan and Pat Hanrahan},
  title = 	 {{Larrabee: A Many-Core x86 Architecture for Visual Computing}},
  journal = 	 {ACM Transactions on Graphics},
  year = 	 {2008},
  OPTkey = 	 {},
  volume = 	 {27},
  number = 	 {3},
  OPTpages = 	 {},
  month = 	 {August},
  OPTnote = 	 {},
  OPTannote = 	 {}
}

@Book{system-performance,
  author = 	 {Edward D. Lazowska and John Zahorjana and G. Scott Graham and Kenneth C. Sevcik},
  ALTeditor = 	 {},
  title = 	 {Quantitative System Performance, Computer System Analysis Using Queueing Network Models},
  publisher = 	 {Prentice-Hall},
  year = 	 {1984},
  OPTkey = 	 {},
  OPTvolume = 	 {},
  OPTnumber = 	 {},
  OPTseries = 	 {},
  OPTaddress = 	 {},
  OPTedition = 	 {},
  OPTmonth = 	 {},
  OPTnote = 	 {},
  OPTannote = 	 {It remains the definitive work on analytic modelling of computer systems. The publisher has returned the copyright to the authors, who make the material available here for viewing or downloading, in Adobe Acrobat PDF format}
}

@InProceedings{fftc,
  author = 	 {D.A. Bader and V. Agarwal},
  title = 	 {{FFTC: Fastest Fourier Transform for the IBM Cell Broadband Engine}},
  OPTcrossref =  {},
  OPTkey = 	 {},
  booktitle = {14th IEEE International Conference on High Performance Computing (HiPC)},
  pages = 	 {172--184},
  year = 	 {2007},
  OPTeditor = 	 {},
  OPTvolume = 	 {},
  number = 	 {4873},
  series = 	 {LNCS},
  OPTaddress = 	 {Goa, India},
  OPTmonth = 	 {december},
  OPTorganization = {},
  publisher = {Springer-Verlag},
  OPTnote = 	 {},
  OPTannote = 	 {}
}

@Article{askap,
  author = 	 {Johnston, S. and Taylor, R. and Bailes, M. and others},
  OPTauthor = 	 {Johnston, S. and Taylor, R. and Bailes, M. and Bartel, N. and Baugh, C. and Bietenholz, M. and Blake, C. and Braun, R. and Brown, J. and Chatterjee, S. and Darling, J. and Deller, A. and Dodson, R. and Edwards, P. and Ekers, R. and Ellingsen, S. and Feain, I. and Gaensler, B. and Haverkorn, M. and Hobbs, G. and Hopkins, A. and Jackson, C. and James, C. and Joncas, G. and Kaspi, V. and Kilborn, V. and Koribalski, B. and Kothes, R. and Landecker, T. and Lenc, A. and Lovell, J. and Macquart, J.-P. and Manchester, R. and Matthews, D. and McClure-Griffiths, N. and Norris, R. and Pen, U.-L. and Phillips, C. and Power, C. and Protheroe, R. and Sadler, E. and Schmidt, B. and Stairs, I. and Staveley-Smith, L. and Stil, J. and Tingay, S. and Tzioumis, A. and Walker, M. and Wall, J. and  Wolleben, M.},
  title = 	 {{Science with ASKAP. The Australian square-kilometre-array pathfinder}},
  journal = 	 {Experimental Astronomy},
  year = 	 {2008},
  OPTkey = 	 {},
  volume = 	 {22},
  number = 	 {3},
  pages = 	 {151-273},
  OPTmonth = 	 {},
  OPTnote = 	 {DOI: 10.1007/s10686-008-9124-7},
  OPTannote = 	 {The future of cm and m-wave astronomy lies with the
                  Square Kilometre Array (SKA), a telescope under
                  development by a consortium of 17 countries. The SKA
                  will be 50 times more sensitive than any existing
                  radio facility. A majority of the key science for
                  the SKA will be addressed through large-area imaging
                  of the Universe at frequencies from 300 MHz to a few
                  GHz. The Australian SKA Pathfinder (ASKAP) is aimed
                  squarely in this frequency range, and achieves
                  instantaneous wide-area imaging through the
                  development and deployment of phase-array feed
                  systems on parabolic reflectors. This large
                  field-of-view makes ASKAP an unprecedented synoptic
                  telescope poised to achieve substantial advances in
                  SKA key science. The central core of ASKAP will be
                  located at the Murchison Radio Observatory in inland
                  Western Australia, one of the most radio-quiet
                  locations on the Earth and one of the sites selected
                  by the international community as a potential
                  location for the SKA. Following an introductory
                  description of ASKAP, this document contains 7
                  chapters describing specific science programmes for
                  ASKAP. In summary, the goals of these programmes are
                  as follows:

    The detection of a million galaxies in atomic hydrogen emission
                  across 75% of the sky out to a redshift of 0.2 to
                  understand galaxy formation and gas evolution in the
                  nearby Universe.

Keywords: Radio astronomy techniques, Radio telescopes, Square
                  kilometre array, Very long baseline interferometry,
                  Extragalactic HI, Radio continuum surveys,
                  Cosmological evolution, Galaxy formation, Star
                  formation, Rotation measure, Extragalactic radio
                  source polarization, Galactic structure, Galactic
                  magnetic field, Magellenic clouds, Pulsars, Radio
                  transient sources, Gamma-ray bursters, Intra-day
                  variability
                  }
}

@Misc{meerkat,
  OPTkey = 	 {},
  OPTauthor = 	 {},
  title = 	 {{The Karoo Array Telescope (MeerKAT)}},
  OPThowpublished = {},
  OPTmonth = 	 {},
  OPTyear = 	 {},
  note = 	 {See http://www.ska.ac.za.},
  OPTannote = 	 {}
}

@Article{ska,
  author = 	 {R. T. Schilizzi and P. E. F. Dewdney and T. J. W. Lazio},
  title = 	 {{The Square Kilometre Array}},
  journal = 	 {{Proceedings of SPIE}},
  year = 	 {2008},
  OPTkey = 	 {},
  volume = 	 {7012},
  OPTnumber = 	 {},
  OPTpages = 	 {},
  month = 	 {july},
  OPTnote = 	 {},
  OPTannote = 	 {}
}
 
@Article{embrace,
  author = 	 {A. Van Ardenne and P. N. Wilkinson and P. D. Patel and J. G. Bij De Vaate},
  title = 	 {{Electronic Multi-beam Radio Astronomy Concept: Embrace a Demonstrator for the European SKA Program}},
  journal = 	 {Experimental Astronomy},
  year = 	 {2004},
  OPTkey = 	 {},
  OPTvolume = 	 {17},
  OPTnumber = 	 {1--3},
  OPTpages = 	 {65-77},
  OPTmonth = 	 {june},
  OPTnote = 	 {},
  OPTannote = 	 {},
  publisher = {Springer Netherlands},
  OPTissn = {0922-6435},
  OPTdoi = {10.1007/s10686-005-2868-4}
}

@InProceedings{apertif,
  author = 	 {Verheijen, M. A. W. and Oosterloo, T. A. and van Cappellen, W. A. and Bakker, L. and Ivashina, M. V. and van der Hulst, J. M.},
  title = 	 {{Apertif, a focal plane array for the WSRT}},
  OPTcrossref =  {},
  OPTkey = 	 {},
  booktitle = {THE EVOLUTION OF GALAXIES THROUGH THE NEUTRAL HYDROGEN WINDOW. AIP Conference Proceedings},
  pages = 	 {265--271},
  year = 	 {2008},
  OPTeditor = 	 {},
  volume = 	 {1035},
  OPTnumber = 	 {},
  OPTseries = 	 {},
  OPTaddress = 	 {},
  OPTmonth = 	 {},
  OPTorganization = {},
  OPTpublisher = {},
  OPTnote = 	 {},
  OPTannote = 	 {},
  doi = {10.1063/1.2973599}
}

@InProceedings{brook,
  author = 	 {Ian Buck and Tim Foley and Daniel Horn and Jeremy Sugerman and Kayvon Fatahalian and Mike Houston and Pat Hanrahan},
  title = 	 {{Brook for GPUs: Stream Computing on Graphics Hardware}},
  OPTcrossref =  {},
  OPTkey = 	 {},
  booktitle = {ACM Transactions on Graphics, Proceedings of SIGGRAPH},
  pages = 	 {777-786},
  year = 	 {2004},
  OPTeditor = 	 {},
  OPTvolume = 	 {},
  OPTnumber = 	 {},
  OPTseries = 	 {},
  OPTaddress = 	 {Los Angeles, California},
  month = 	 {August},
  OPTorganization = {},
  OPTpublisher = {ACM Press},
  OPTnote = 	 {},
  OPTannote = 	 {}
}

@Manual{cuda-manual,
  title = 	 {{NVIDIA CUDA Compute Unified Device Architecture Programming Guide Version 2.0}},
  OPTkey = 	 {},
  OPTauthor = 	 {NVIDIA Corporation},
  OPTorganization = {},
  OPTaddress = 	 {},
  OPTedition = 	 {},
  month = 	 {july},
  year = 	 {2008},
  OPTnote = 	 {http://developer.nvidia.com/cuda},
  OPTannote = 	 {}
}

@inproceedings{gpu-cache,
abstract = {
We present a technique for designing memory-bound algorithms with high
data reuse on Graphics Processing Units (GPUs) equipped with
close-to-ALU software-managed memory. The approach is based on the
efficient use of this memory through the implementation of a
software-managed cache. We also present an analytical model for
performance analysis of such algorithms. We apply this technique to
the implementation of the GPU-based solver of the sum-product or
marginalize a product of functions (MPF) problem, which arises in a
wide variety of real-life applications in artificial intelligence,
statistics, image processing, and digital communications. Our
motivation to accelerate MPF originated in the context of the analysis
of genetic diseases, which in some cases requires years to complete on
modern CPUs. Computing MPF is similar to computing the chain matrix
product of multi-dimensional matrices, but is more difficult due to a
complex data-dependent access pattern, high data reuse, and a low
compute-to-memory access ratio. Our GPU-based MPF solver achieves up
to 2700-fold speedup on random data and 270-fold on real-life genetic
analysis datasets on GeForce 8800GTX GPU from NVIDIA over the
optimized CPU version on an Intel 2.4 GHz Core 2 with a 4 MB L2 cache.
},
        author = {Silberstein, Mark   and Schuster, Assaf   and Geiger, Dan   and Patney, Anjul   and Owens, John  D. },
        booktitle = {Proceedings of the 22nd ACM International Conference on Supercomputing},
        keywords = {gpu},
        month = {June},
        pages = {309-318},
        title = {{Efficient Computation of Sum-products on GPUs Through Software-Managed Cache}},
        year = {2008}
}
